1666 2946
316 706 382 776 α
498 666 1390 806 C‘AESAREM,

793 866 907 901 DE

223 976 776 1031 REPUBLICA
854 963 1476 1031 ORDINAND'A.

167 1143 204 1191 J·
335 1145 465 1189 CIO
505 1163 599 1204 ego,
639 1162 761 1203 quam
780 1147 957 1199 difficile,
991 1158 1109 1202 atque
1141 1147 1316 1201 asperum
1347 1145 1453 1197 fastu
1472 1144 1536 1201 fit,
1592 1151 1603 1164 ’

223 1152 321 1285 S
348 1203 556 1246 confilium
591 1207 684 1246 dare
713 1207 816 1260 regi,
846 1217 915 1247 aut
933 1206 1191 1257 imperatori;
1224 1203 1421 1257 postremo
1448 1205 1534 1246 cui-

349 1275 471 1314 quam
504 1263 681 1313 mortali,
721 1264 833 1318 cujus
861 1276 955 1316 opes
988 1264 1030 1304 in
1058 1261 1214 1304 excelso
1245 1262 1332 1303 sunt
1349 1278 1363 1310 3
1393 1261 1539 1317 quippe

165 1331 261 1358 cum
282 1319 321 1361 δι
341 1318 414 1360 illis
434 1320 705 1362 consultorum
724 1321 850 1374 copiae
870 1318 1022 1371 adsint;
1065 1335 1192 1375 neque
1212 1320 1262 1361 de
1280 1318 1416 1360 futuro
1433 1318 1540 1373 quis·

165 1389 288 1427 quam
315 1375 403 1418 satis
435 1376 614 1430 callidus,
644 1378 807 1434 satisque
840 1378 1009 1431 prudens
1041 1376 1101 1418 fit.
1167 1377 1402 1432 Quinetiam
1438 1374 1541 1430 saepe

163 1446 284 1485 prava
313 1435 454 1490 magis,
485 1450 605 1489 quam
640 1434 744 1476 bona
773 1434 934 1477 consilia
958 1434 1138 1489 prospere
1169 1435 1391 1482 eveniunt3
1437 1434 1532 1487 quia

164 1489 364 1545 plerasque
384 1507 443 1533 res
455 1492 615 1534 fortuna
629 1507 679 1534 ex
696 1492 873 1534 lubidine
887 1493 951 1534 sua
965 1493 1099 1548 agitat.
1160 1492 1234 1534 Sed
1251 1491 1348 1541 mihi
1363 1490 1536 1533 studium

164 1546 241 1588 fuit
261 1548 553 1591 adolescentulo
566 1550 851 1604 rempublicam
866 1551 1067 1604 capesere;
1099 1560 1217 1605 atque
1242 1550 1284 1591 in
1310 1563 1356 1591 ea
1369 1547 1538 1603 cognos-

162 1606 292 1646 cenda
309 1606 496 1657 multam,
528 1622 794 1664 magnamque
822 1622 959 1651 curam
991 1608 1109 1649 habui
1139 1622 1222 1648 non
1253 1607 1325 1656 ita,
1357 1607 1415 1659 uti
1447 1620 1534 1647 ma-

165 1661 373 1716 gistratum
404 1665 528 1706 modo
560 1679 762 1718 caperem,
792 1681 913 1720 quem
935 1666 1049 1706 multi
1084 1665 1196 1718 malis
1229 1664 1378 1706 artibus
1405 1661 1539 1719 adepti

166 1731 311 1769 erant3
351 1721 415 1762 sed
442 1722 562 1763 etiam
593 1722 651 1763 uti
683 1723 878 1776 rempubl.
900 1723 1028 1773 domi,
1060 1723 1230 1772 militiae,
1259 1732 1537 1777 quantumque

166 1778 303 1828 armis,
335 1779 445 1830 viris,
476 1778 678 1832 opulentia
708 1780 848 1833 poffet,
876 1781 1084 1836 cognitum
1117 1781 1322 1834 haberem.
1395 1774 1536 1834 Itaque

164 1835 265 1875 mihi
284 1835 411 1877 multa
435 1851 528 1877 cum
558 1837 694 1877 animo
712 1838 876 1892 agitanti
895 1837 1100 1878 confilium
1122 1838 1213 1888 fuit,
1242 1841 1407 1885 famam,
1439 1850 1529 1876 mo-

166 1891 408 1947 destiamque
428 1908 559 1935 meam
580 1893 666 1947 post
684 1905 794 1936 tuam
815 1895 1047 1950 dignitatem
1068 1896 1227 1943 habere,
1265 1897 1313 1937 δι’
1332 1893 1443 1949 cujus
1472 1893 1529 1934 rei

163 1948 275 1991 lubet
293 1950 511 2004 periculum
529 1951 675 2002 facere,
697 1952 792 1993 dum
812 1953 904 2006 quid
926 1952 995 1993 tibi
1015 1967 1065 1994 ex
1083 1967 1132 1993 eo
1153 1951 1288 2008 gloriae
1311 1951 1532 1992 accederet.

164 2004 292 2062 quue
309 2022 392 2049 non
405 2019 574 2061 temere,
603 2024 733 2063 neque
752 2024 802 2052 ex
814 2010 972 2051 fortuna
991 2022 1073 2059 tua,
1096 2011 1277 2058 decrevi;
1308 2009 1369 2050 sed
1387 2008 1477 2061 quia
1493 2007 1535 2049 in

166 2074 224 2115 te,
256 2076 400 2118 praeter
417 2066 598 2117 c'aeteras,
625 2077 753 2108 artem
773 2082 894 2108 unam
913 2069 1073 2123 egregie
1092 2067 1310 2108 mirabilem
1337 2065 1533 2118 comperi,

165 2118 318 2175 semper
337 2124 409 2164 tibi
433 2123 628 2178 majorem
648 2125 689 2165 in
708 2123 893 2175 adversis,
924 2140 1040 2180 quam
1063 2125 1101 2165 in
1121 2124 1296 2166 secundis
1313 2122 1430 2164 rebus
1445 2122 1533 2163 ani-·

165 2192 279 2220 mum
301 2179 388 2221 effe.
451 2180 527 2221 Sed
548 2196 617 2234 per
635 2192 800 2223 caeteros
819 2182 1006 2223 mortales
1026 2182 1087 2223 illa
1099 2196 1159 2223 res
1174 2181 1317 2222 clarior
1331 2179 1402 2229 est,
1423 2179 1530 2235 quod

164 2237 271 2289 prius
290 2237 422 2279 defefli
440 2236 515 2279 fint
534 2240 714 2279 homines
743 2237 940 2280 laudando
970 2251 1088 2294 atque
1119 2239 1348 2280 admirando
1368 2235 1531 2278 munifi-

165 2295 340 2335 centiam
361 2306 487 2346 tuam,
510 2310 626 2350 quam
649 2308 690 2337 tu
708 2297 907 2346 faciendo,
923 2305 1025 2351 ‘quae
1047 2297 1170 2351 gloria
1185 2298 1302 2350 digna
1323 2294 1459 2336 effent.

220 2350 276 2392 II.
306 2351 504 2407 Equidem
535 2355 629 2394 mihi
652 2355 853 2395 decretum
876 2353 949 2404 est,
980 2354 1076 2395 nihil
1100 2365 1182 2394 tam
1204 2368 1253 2395 ex
1271 2353 1352 2394 alto
1368 2351 1528 2405 reperiri

165 2408 288 2461 poffe,
318 2411 424 2464 quod
454 2425 535 2451 non
555 2411 745 2466 cogitanti
780 2412 850 2452 tibi
884 2413 923 2453 in
957 2423 1115 2463 promtu
1137 2411 1195 2452 fit.
1255 2411 1402 2463 Neque
1433 2423 1528 2464 ego,

165 2480 254 2519 quae
275 2467 351 2507 visa
366 2467 470 2517 sunt,
500 2469 550 2508 de
569 2483 649 2521 rep.
674 2470 743 2509 tibi
763 2468 906 2521 scripfi,
937 2470 1027 2522 quia
1048 2470 1144 2510 mihi
1163 2467 1387 2517 confilium,
1408 2478 1527 2520 atque

162 2523 369 2578 ingenium
390 2539 526 2566 meum
545 2525 711 2579 amplius
739 2541 854 2580 aequo
887 2527 1140 2580 probaretur3
1172 2526 1235 2566 sed
1257 2526 1358 2566 inter
1376 2524 1527 2565 labores

165 2581 334 2631 militiae,
366 2583 546 2637 interque
579 2583 724 2636 praelia,
750 2584 955 2632 intoriae,
991 2584 1218 2636 imperium,
1253 2581 1527 2624 statuiadmo-

165 2638 342 2681 nendum
364 2650 403 2681 te
423 2641 471 2682 de
489 2642 658 2697 negotiis
677 2641 847 2684 urbanis.
906 2640 1095 2697 Namque
1115 2642 1185 2683 tibi
1215 2639 1242 2682 sl
1273 2641 1311 2682 id
1331 2639 1455 2737 1110qu
1482 2639 1525 2678 in

1365 2710 1413 2750 pe
1456 2709 1526 2737 ore
