1666 2946
193 57 290 105 274
357 26 654 106 ORATIO
689 42 899 104 11.5·AD
931 42 1422 101 cseAESAREM,

247 119 301 156 ‘21⁷-
337 119 399 158 Na
417 134 463 169 ·;,
495 119 588 172 quid
609 134 685 174 ego
704 119 754 160 de
788 129 829 160 te
861 120 1010 170 dicam,
1039 118 1151 175 cujus
1168 119 1458 162 contumelium
1484 119 1571 175 llo-J
1602 150 1608 154 ·

187 177 316 218 mines
348 174 593 230 ¹ignavissumi
616 178 694 218 vita
714 177 778 218 sua
796 188 1046 232 commutare
1066 177 1224 229 volunt,
1257 175 1284 219 fi
1305 178 1420 221 liceat
1438 177 1453 219 ?
1489 180 1579 220 rie-'-

189 230 267 289 que
286 233 359 274 illis
379 243 492 274 tant}
518 233 708 288 voluptati
726 234 782 276 eff:
805 233 979 289 rtametfi
1000 231 1284 292 insperantibus
1307 236 1468 289 accidit)
1490 235 1565 278 do-⁸
1612 270 1614 277 ,

193 291 379 340 minatio,
410 302 560 345 quanto
578 287 742 334 moerori
779 304 840 335 tua
869 290 1066 348 dignita83
1098 296 1193 348 quin
1213 295 1384 347 optatius
1401 295 1567 344 habent,

191 363 245 391 ex
261 359 329 391 tua
347 347 570 393 calandtate
590 350 810 403 periculum
824 349 1012 392 libertatis
1029 351 1177 401 facete,
1208 365 1325 404 quarn
1346 365 1414 405 per
1433 361 1474 393 te
1493 364 1568 404 po-

190 406 272 462 puli
294 405 348 447 R.
367 406 579 460 imperium
596 421 836 450 maxumum
854 422 904 449 cx
923 403 1189 464 magao'fieri.
1240 408 1337 463 QO
1350 408 1472 464 magis
1493 407 1569 452 tibi

192 465 318 505 etium
338 473 455 517 atque
490 464 607 505 etljlm
631 465 763 507 animo
785 464 1098 520 prospiciendum
1131 465 1200 508 est.
1235 480 1412 522 quonam
1446 464 1571 507 modo
1624 509 1628 518 ‚

193 535 283 563 rem
299 519 467 561 stabilias
498 523 835 578 communiasque.
895 522 1003 565 Mihi
1026 524 1194 579 ,quidem
1226 537 1316 580 quae
1349 537 1462 566 mens
1482 522 1570 576 supf
1636 572 1641 582 1

193 579 314 632 petit,
346 578 478 632 ebqui
499 594 582 621 non
611 579 812 623 dubitazeo.
872 578 1078 623 Caeterum
1107 582 1167 623 tui
1193 583 1269 624 erit
1298 580 1448 637 ingenii
1476 594 1571 634 pro·
1639 603 1660 634 ,χ-

196 638 307 686 bare,
335 650 424 689 quae
447 650 553 692 vera,
583 647 702 693 atque
722 638 833 680 utilia
852 637 959 680 faeta
977 648 1105 693 putes.
1164 638 1210 681 In
1228 641 1321 682 :luas
1339 650 1468 692 partes
1493 651 1570 694 ego

197 695 406 742 civitatem
421 694 581 736 dwisam
601 696 786 747 arbitror,
818 695 916 738 ficut
934 710 956 737 a
971 695 1184 752 majoribus
1198 697 1350 751 accepi,
1369 696 1411 738 in
1427 705 1573 750 patres,
1644 691 1652 701 ’

196 753 238 795 δι
272 751 444 805 plebem.
506 753 641 795 Antea
671 753 714 796 in
745 753 917 808 patribus
949 753 1103 807 summa
1130 755 1341 799 auctoritas
1371 764 1473 806 erat,
1516 754 1576 806 vis¹

196 810 330 851 multo
350 823 539 852 maxuma
559 810 600 851 in
621 809 749 864 plebe.
1357 861 1363 866 q

259 865 336 908 VI.
373 864 512 920 Itaque
531 867 668 921 saepius
687 870 728 911 in
748 870 799 911 ci.
815 869 911 913 itate
939 869 1095 914 seeeffio
1114 869 1221 920 fuit;
1251 869 1481 926 semperque
1499 882 1576 910 no·

199 923 363 966 bilitatis
382 938 477 977 opes
495 925 703 969 diminutae
717 927 823 979 sunt,
853 925 973 984 &jus
987 927 1121 982 populi
1138 925 1439 981 amplificatum.
1500 924 1576 968 Sed

176 1000 179 1005 ·
199 981 335 1038 plebes
351 997 400 1024 eo
410 983 531 1024 libere
542 983 715 1040 agitabat
723 1001 736 1034 3
767 987 859 1038 quia
873 983 1018 1027 nullius
1032 985 1210 1039 potentia
1223 985 1335 1037 super
1349 984 1454 1040 leges
1468 993 1552 1026 erat
1563 999 1580 1033 ὅ

201 1055 335 1094 neque
354 1040 517 1091 divitiis,
547 1050 616 1088 aut
632 1041 811 1096 superbia
834 1042 900 1085 sed
927 1042 1032 1085 bona
1050 1042 1170 1092 fama,
1204 1041 1390 1098 factisque
1408 1041 1576 1084 fortibus
1634 1090 1638 1094 .

199 1096 348 1141 nobilis
366 1098 585 1153 ignobilem
604 1100 780 1142 anteibat
795 1116 809 1150 3
835 1100 1079 1142 humillimus
1097 1099 1258 1155 quisque
1276 1100 1319 1142 in
1346 1099 1481 1152 armis,
1510 1106 1582 1140 aut

202 1154 363 1207 militia,
395 1154 541 1199 nullius
573 1156 747 1200 honestae
779 1159 836 1200 rei
869 1171 1007 1214 agenS,
1037 1157 1124 1200 satis
1143 1156 1231 1210 fibi,
1259 1157 1424 1213 satisque
1441 1155 1582 1212 patriae

203 1222 304 1253 erat.
365 1211 458 1261 Sed,
490 1213 566 1255 ubi
578 1228 646 1255 eos
677 1213 881 1268 paullatim
914 1214 1096 1269 expulsos
1117 1217 1240 1272 agris,
1268 1215 1428 1268 inertia,
1460 1225 1581 1269 atque

206 1268 342 1322 inopia
369 1270 535 1311 incertas
566 1272 708 1315 domos
736 1272 880 1315 habere
899 1272 1078 1327 subegit3
1112 1286 1273 1327 coepere
1309 1272 1456 1317 alienas
1487 1284 1584 1326 opes

205 1338 362 1383 petere,
391 1327 616 1372 libertatem
634 1330 858 1373 suamcum
878 1330 1079 1385 republica
1089 1330 1278 1373 ‚venalem
1305 1330 1463 1385 habere.
1521 1327 1584 1372 Ita

206 1384 414 1440 paullatim
432 1386 616 1443 populus,
642 1388 708 1442 qui
729 1384 1087 1443 dominus-cuntflis
1107 1385 1290 1443 gentibus
1314 1385 1582 1444 imperitabat,
1646 1393 1652 1398 ‘

208 1441 376 1496 dilapsus
394 1442 480 1493 est3
525 1445 564 1488 &
583 1458 655 1501 pro
674 1446 886 1488 communi
904 1446 1089 1500 imperio,
1112 1447 1304 1500 privatim
1324 1444 1394 1490 fibi
1421 1445 1584 1502 quisque

207 1501 440 1557 servitutem
461 1503 626 1557 peperit·
684 1503 787 1548 Haec
802 1505 921 1560 igitur
937 1504 1151 1547 multitudo
1170 1504 1344 1558 primum
1362 1503 1475 1561 malis
1491 1514 1585 1546 mo·

209 1559 320 1600 ribus
338 1559 506 1610 imbuta,
536 1560 680 1602 deinde
699 1561 741 1602 in
760 1572 880 1612 artes,
910 1560 1084 1615 vitasque
1103 1562 1227 1603 varias
1245 1562 1445 1616 dispalata,
1475 1558 1588 1603 nuno
1640 1608 1641 1612 Ἰ

210 1615 337 1658 modo
355 1615 460 1663 inter
479 1617 516 1658 se
535 1631 776 1674 congruens,
807 1633 946 1675 parum
964 1620 1062 1662 mihi
1080 1618 1244 1679 quidem
1271 1620 1414 1665 idonea
1431 1620 1588 1670 videtur
1623 1629 1627 1633 '

161 1675 178 1685 ⁴
211 1673 261 1714 ad
280 1671 553 1725 capessendam
578 1676 775 1730 rempubl.

274 1729 373 1772 VII.
403 1730 628 1784 Caeterum,
658 1733 798 1776 additis
827 1735 942 1776 novis
972 1735 1140 1786 civibus,
1171 1749 1316 1791 magna
1340 1750 1408 1778 me
1426 1734 1509 1793 spes
1525 1742 1588 1777 te-

212 1798 306 1839 net,
338 1788 441 1840 fore,
484 1800 528 1831 ut
556 1805 697 1833 ornnes
727 1792 1046 1848 expergiscantur
1071 1794 1117 1833 ad
1147 1793 1402 1844 libertatem3
1441 1792 1589 1850 quippe

213 1847 312 1888 cum
346 1845 421 1888 illis
454 1846 643 1890 libertatis
675 1850 911 1900 retinendae,
940 1859 1029 1891 tum
1057 1852 1115 1891 his
1133 1851 1334 1903 servitutis¹
1355 1849 1588 1894 amittendae

215 1917 313 1946 cura
331 1905 498 1956 orietur,
558 1905 642 1948 Hos
668 1921 746 1963 ego
765 1907 924 1959 censeo,
954 1909 1172 1962 permixtos
1190 1922 1285 1951 cum
1303 1908 1500 1955 veteribus
1514 1922 1593 1949 no-

218 1976 291 2004 vos
310 1962 355 2002 in
373 1962 540 2004 coloniis
560 1963 772 2005 constituas
789 1981 802 2014 ;
833 1965 889 2007 ita
908 1966 947 2008 &
972 1978 1032 2007 res
1052 1965 1232 2019 militaris
1250 1966 1477 2021 opulentior
1493 1964 1589 2018 erit,

217 2021 261 2063 δι
279 2018 410 2072 plebes
429 2019 543 2062 bonis
561 2022 733 2078 negotiis
751 2022 943 2076 impedita
960 2021 1111 2066 malum
1125 2023 1330 2078 publicum
1344 2024 1473 2069 facere
1489 2022 1594 2065 defi-

218 2089 306 2119 net.
365 2077 440 2122 Sed
471 2093 555 2120 non
584 2078 745 2131 inscius,
775 2094 904 2135 neque
936 2079 1166 2135 imprudens
1187 2081 1293 2132 sum,
1326 2095 1421 2125 cum
1453 2095 1500 2123 ea
1529 2095 1594 2124 res

217 2144 360 2191 agetur
367 2152 383 2185 3
412 2149 502 2191 quae
519 2135 684 2189 saevitia‚
704 2152 871 2193 quaeque
891 2137 1140 2192 tempestates
1156 2139 1367 2185 hominum
1391 2138 1592 2182 nobilium

215 2191 364 2241 futurae
384 2190 477 2245 fint,
506 2208 600 2237 cum
618 2193 932 2252 indignabuntur
949 2195 1087 2239 omnia
1101 2196 1275 2239 funditus
1289 2196 1464 2249 misceri,
1483 2195 1592 2238 anti·

219 2251 307 2307 quis
325 2250 476 2292 civibus
493 2251 596 2293 hanc
614 2252 844 2297 servitutem
864 2253 1035 2308 imponi,
1068 2268 1239 2310 regnum
1256 2254 1429 2311 denique
1452 2269 1505 2297 ex
1539 2253 1590 2295 li-

219 2309 313 2363 bera
331 2308 493 2350 civitate
513 2308 711 2364 futurum,
740 2310 807 2352 ubi
826 2311 941 2354 unius
961 2325 1129 2354 munere
1152 2311 1370 2354 multitudo
1388 2312 1529 2367 ingens
1546 2311 1592 2353 in

218 2365 425 2414 civitatem
445 2368 683 2420 pervenerit.
741 2367 939 2424 Equidem
960 2383 1038 2426 ego
1056 2366 1108 2410 fic
1125 2369 1228 2422 apud
1247 2370 1428 2412 animum
1448 2383 1589 2414 meum

217 2420 365 2473 statuo,
394 2423 546 2466 malum
566 2424 717 2466 facinus
742 2426 785 2469 in
801 2427 839 2471 se
858 2427 1085 2478 admittere,
1113 2427 1182 2482 qui
1215 2427 1481 2470 incommodo
1510 2427 1592 2471 rei·

218 2479 326 2533 publ.
344 2482 512 2536 gratiam
527 2481 594 2523 fibi
609 2483 809 2526 conciliet.
869 2483 953 2526 Ubi
973 2484 1125 2527 bonum
1143 2484 1348 2539 publicum
1366 2485 1487 2527 etiam
1507 2483 1591 2539 pri—

215 2537 341 2580 vatim
365 2539 445 2579 usui
467 2539 551 2589 est3
581 2539 620 2580 id
637 2554 731 2581 vero
750 2541 928 2583 dubitare
944 2542 1123 2597 aggredi,
1153 2541 1507 2600 sbcordiae,vatque
1525 2542 1588 2598 ig-

216 2595 344 2657 paviae
362 2596 480 2640 duco.
540 2596 608 2640 M.
624 2596 743 2641 Livio
759 2597 891 2642 Druso
909 2599 1060 2655 semper
1078 2598 1287 2644 confilium
1309 2599 1404 2654 fuit,
1438 2601 1480 2641 in
1511 2601 1584 2642 tri-

1447 2657 1599 2708 bunatu
