<?xml version="1.0" encoding="UTF-8"?>
<!DOCTYPE html PUBLIC "-//W3C//DTD XHTML 1.0 Transitional//EN"
    "http://www.w3.org/TR/xhtml1/DTD/xhtml1-transitional.dtd">
<html xmlns="http://www.w3.org/1999/xhtml" xml:lang="en" lang="en">
 <head>
  <title>
</title>
<meta http-equiv="Content-Type" content="text/html;charset=utf-8" />
  <meta name='ocr-system' content='tesseract 3.04.00' />
  <meta name='ocr-capabilities' content='ocr_page ocr_carea ocr_par ocr_line ocrx_word'/>
</head>
<body>
  <div class='ocr_page' id='page_1' title='image "./ccrispisalustiib00sall_0033.png"; bbox 0 0 1666 2946; ppageno 0'>
   <div class='ocr_carea' id='block_1_1' title="bbox 136 198 1398 570">
    <p class='ocr_par' dir='ltr' id='par_1_1' title="bbox 136 198 1398 570">
     <span class='ocr_line' id='line_1_1' title="bbox 136 198 1398 570; baseline 0 2376"><span class='ocrx_word' id='word_1_1' title='bbox 136 198 1398 570; x_wconf 95' lang='lat' dir='ltr'> </span> 
     </span>
    </p>
   </div>
   <div class='ocr_carea' id='block_1_2' title="bbox 70 801 1473 894">
    <p class='ocr_par' dir='ltr' id='par_1_2' title="bbox 70 801 1473 894">
     <span class='ocr_line' id='line_1_2' title="bbox 70 801 1473 894; baseline -0.002 0"><span class='ocrx_word' id='word_1_2' title='bbox 70 801 161 894; x_wconf 81' lang='lat' dir='ltr'>c.</span> <span class='ocrx_word' id='word_1_3' title='bbox 226 817 664 892; x_wconf 85' lang='lat' dir='ltr'><strong>CRISPI</strong></span> <span class='ocrx_word' id='word_1_4' title='bbox 751 813 1473 894; x_wconf 77' lang='lat' dir='ltr'>SALLUSTH</span> 
     </span>
    </p>
   </div>
   <div class='ocr_carea' id='block_1_3' title="bbox 198 1070 1345 1219">
    <p class='ocr_par' dir='ltr' id='par_1_3' title="bbox 198 1070 1345 1219">
     <span class='ocr_line' id='line_1_3' title="bbox 198 1070 1345 1219; baseline 0 -4"><span class='ocrx_word' id='word_1_5' title='bbox 198 1093 321 1215; x_wconf 92' lang='lat' dir='ltr'>V</span> <span class='ocrx_word' id='word_1_6' title='bbox 550 1091 605 1216; x_wconf 80' lang='grc' dir='ltr'>Ι</span> <span class='ocrx_word' id='word_1_7' title='bbox 832 1070 963 1218; x_wconf 88' lang='lat' dir='ltr'>T</span> <span class='ocrx_word' id='word_1_8' title='bbox 1187 1095 1345 1219; x_wconf 89' lang='lat' dir='ltr'>A.</span> 
     </span>
    </p>
   </div>
   <div class='ocr_carea' id='block_1_4' title="bbox 426 1370 468 1405">
    <p class='ocr_par' dir='ltr' id='par_1_4' title="bbox 426 1370 468 1405">
     <span class='ocr_line' id='line_1_4' title="bbox 426 1370 468 1405; baseline 0 -6"><span class='ocrx_word' id='word_1_9' title='bbox 426 1370 468 1405; x_wconf 45' lang='grc' dir='ltr'><em>ρ</em></span> 
     </span>
    </p>
   </div>
   <div class='ocr_carea' id='block_1_5' title="bbox 74 1455 1474 1633">
    <p class='ocr_par' dir='ltr' id='par_1_5' title="bbox 74 1455 1474 1633">
     <span class='ocr_line' id='line_1_5' title="bbox 74 1455 1474 1633; baseline -0.001 -131"><span class='ocrx_word' id='word_1_10' title='bbox 74 1456 271 1633; x_wconf 79' lang='grc' dir='ltr'>ΒΟ</span> <span class='ocrx_word' id='word_1_11' title='bbox 284 1456 332 1504; x_wconf 93' lang='lat' dir='ltr'>N</span> <span class='ocrx_word' id='word_1_12' title='bbox 347 1457 392 1503; x_wconf 93' lang='lat' dir='ltr'>O</span> <span class='ocrx_word' id='word_1_13' title='bbox 407 1458 452 1502; x_wconf 94' lang='lat' dir='ltr'>R</span> <span class='ocrx_word' id='word_1_14' title='bbox 464 1456 510 1503; x_wconf 87' lang='lat' dir='ltr'>U</span> <span class='ocrx_word' id='word_1_15' title='bbox 523 1457 577 1502; x_wconf 82' lang='lat' dir='ltr'>M</span> <span class='ocrx_word' id='word_1_16' title='bbox 614 1457 819 1503; x_wconf 87' lang='lat' dir='ltr'>virorum</span> <span class='ocrx_word' id='word_1_17' title='bbox 854 1457 1102 1512; x_wconf 82' lang='lat' dir='ltr'>timiditati,</span> <span class='ocrx_word' id='word_1_18' title='bbox 1150 1455 1474 1510; x_wconf 77' lang='lat' dir='ltr'>inconstantiae,</span> 
     </span>
    </p>
   </div>
   <div class='ocr_carea' id='block_1_6' title="bbox 68 1520 1524 2603">
    <p class='ocr_par' dir='ltr' id='par_1_6' title="bbox 252 1520 1478 1584">
     <span class='ocr_line' id='line_1_6' title="bbox 252 1520 1478 1584; baseline 0 -17"><span class='ocrx_word' id='word_1_19' title='bbox 252 1534 328 1567; x_wconf 91' lang='lat' dir='ltr'>aut</span> <span class='ocrx_word' id='word_1_20' title='bbox 370 1521 689 1584; x_wconf 67' lang='lat' dir='ltr'>imprudentiae</span> <span class='ocrx_word' id='word_1_21' title='bbox 738 1523 818 1567; x_wconf 85' lang='lat' dir='ltr'>vix</span> <span class='ocrx_word' id='word_1_22' title='bbox 862 1520 1088 1584; x_wconf 79' lang='lat' dir='ltr'>ignoscere</span> <span class='ocrx_word' id='word_1_23' title='bbox 1138 1521 1388 1584; x_wconf 67' lang='lat' dir='ltr'>possumus,</span> <span class='ocrx_word' id='word_1_24' title='bbox 1446 1521 1478 1567; x_wconf 80' lang='lat' dir='ltr'><strong>fi</strong></span> 
     </span>
    </p>

    <p class='ocr_par' dir='ltr' id='par_1_7' title="bbox 68 1585 1524 2603">
     <span class='ocr_line' id='line_1_7' title="bbox 251 1585 1476 1648; baseline 0.001 -17"><span class='ocrx_word' id='word_1_25' title='bbox 251 1586 362 1648; x_wconf 88' lang='lat' dir='ltr'>quid</span> <span class='ocrx_word' id='word_1_26' title='bbox 385 1585 624 1648; x_wconf 84' lang='lat' dir='ltr'>aliquando</span> <span class='ocrx_word' id='word_1_27' title='bbox 652 1586 851 1632; x_wconf 89' lang='lat' dir='ltr'>moribus</span> <span class='ocrx_word' id='word_1_28' title='bbox 880 1587 965 1632; x_wconf 84' lang='lat' dir='ltr'>suis</span> <span class='ocrx_word' id='word_1_29' title='bbox 994 1585 1254 1647; x_wconf 80' lang='lat' dir='ltr'>indignum,</span> <span class='ocrx_word' id='word_1_30' title='bbox 1281 1585 1327 1630; x_wconf 75' lang='grc' dir='ltr'>ὅτ.</span> <span class='ocrx_word' id='word_1_31' title='bbox 1354 1598 1476 1632; x_wconf 83' lang='lat' dir='ltr'>ante-</span> 
     </span>
     <span class='ocr_line' id='line_1_8' title="bbox 68 1649 1478 1714; baseline 0.001 -19"><span class='ocrx_word' id='word_1_32' title='bbox 68 1649 182 1696; x_wconf 65' lang='lat' dir='ltr'>actae</span> <span class='ocrx_word' id='word_1_33' title='bbox 207 1651 313 1696; x_wconf 85' lang='lat' dir='ltr'>vitae</span> <span class='ocrx_word' id='word_1_34' title='bbox 339 1651 485 1697; x_wconf 85' lang='lat' dir='ltr'>minus</span> <span class='ocrx_word' id='word_1_35' title='bbox 508 1651 851 1696; x_wconf 85' lang='lat' dir='ltr'>consentaneum</span> <span class='ocrx_word' id='word_1_36' title='bbox 877 1651 1159 1714; x_wconf 82' lang='lat' dir='ltr'>protulerint.</span> <span class='ocrx_word' id='word_1_37' title='bbox 1217 1649 1305 1695; x_wconf 87' lang='lat' dir='ltr'>Sed</span> <span class='ocrx_word' id='word_1_38' title='bbox 1330 1651 1478 1697; x_wconf 83' lang='lat' dir='ltr'>multo</span> 
     </span>
     <span class='ocr_line' id='line_1_9' title="bbox 74 1713 1477 1778; baseline 0 -18"><span class='ocrx_word' id='word_1_39' title='bbox 74 1715 217 1775; x_wconf 84' lang='lat' dir='ltr'>magis</span> <span class='ocrx_word' id='word_1_40' title='bbox 240 1715 351 1761; x_wconf 88' lang='lat' dir='ltr'>iram</span> <span class='ocrx_word' id='word_1_41' title='bbox 384 1715 576 1761; x_wconf 84' lang='lat' dir='ltr'>nostram</span> <span class='ocrx_word' id='word_1_42' title='bbox 604 1726 791 1762; x_wconf 87' lang='lat' dir='ltr'>movent</span> <span class='ocrx_word' id='word_1_43' title='bbox 825 1715 1143 1778; x_wconf 86' lang='lat' dir='ltr'>improborum</span> <span class='ocrx_word' id='word_1_44' title='bbox 1183 1713 1353 1760; x_wconf 88' lang='lat' dir='ltr'>honesti</span> <span class='ocrx_word' id='word_1_45' title='bbox 1392 1715 1477 1760; x_wconf 83' lang='lat' dir='ltr'>ser-</span> 
     </span>
     <span class='ocr_line' id='line_1_10' title="bbox 72 1779 1477 1843; baseline 0.001 -19"><span class='ocrx_word' id='word_1_46' title='bbox 72 1794 257 1834; x_wconf 88' lang='lat' dir='ltr'>mones·,</span> <span class='ocrx_word' id='word_1_47' title='bbox 292 1780 471 1842; x_wconf 84' lang='lat' dir='ltr'>quibus,</span> <span class='ocrx_word' id='word_1_48' title='bbox 506 1794 558 1826; x_wconf 86' lang='lat' dir='ltr'>ut</span> <span class='ocrx_word' id='word_1_49' title='bbox 580 1781 826 1843; x_wconf 79' lang='lat' dir='ltr'>nequitiam</span> <span class='ocrx_word' id='word_1_50' title='bbox 858 1780 981 1826; x_wconf 83' lang='lat' dir='ltr'>suam</span> <span class='ocrx_word' id='word_1_51' title='bbox 1015 1779 1260 1834; x_wconf 79' lang='lat' dir='ltr'>occultent,</span> <span class='ocrx_word' id='word_1_52' title='bbox 1296 1779 1477 1825; x_wconf 88' lang='lat' dir='ltr'>certius-</span> 
     </span>
     <span class='ocr_line' id='line_1_11' title="bbox 70 1843 1477 1906; baseline 0.001 -18"><span class='ocrx_word' id='word_1_53' title='bbox 70 1858 158 1905; x_wconf 88' lang='lat' dir='ltr'>que</span> <span class='ocrx_word' id='word_1_54' title='bbox 189 1856 394 1900; x_wconf 88' lang='lat' dir='ltr'>noceant,</span> <span class='ocrx_word' id='word_1_55' title='bbox 421 1846 497 1890; x_wconf 70' lang='lat' dir='ltr'>‘uti</span> <span class='ocrx_word' id='word_1_56' title='bbox 531 1845 698 1891; x_wconf 83' lang='lat' dir='ltr'>solent:</span> <span class='ocrx_word' id='word_1_57' title='bbox 735 1845 844 1891; x_wconf 83' lang='lat' dir='ltr'>nihil</span> <span class='ocrx_word' id='word_1_58' title='bbox 879 1846 1000 1892; x_wconf 86' lang='lat' dir='ltr'>enim</span> <span class='ocrx_word' id='word_1_59' title='bbox 1035 1843 1301 1899; x_wconf 75' lang='lat' dir='ltr'>sceleratius,</span> <span class='ocrx_word' id='word_1_60' title='bbox 1337 1859 1477 1906; x_wconf 84' lang='lat' dir='ltr'>quam</span> 
     </span>
     <span class='ocr_line' id='line_1_12' title="bbox 71 1909 1477 1971; baseline 0 -18"><span class='ocrx_word' id='word_1_61' title='bbox 71 1909 205 1954; x_wconf 88' lang='lat' dir='ltr'>armis</span> <span class='ocrx_word' id='word_1_62' title='bbox 229 1910 407 1955; x_wconf 88' lang='lat' dir='ltr'>virtutis</span> <span class='ocrx_word' id='word_1_63' title='bbox 431 1910 513 1966; x_wconf 88' lang='lat' dir='ltr'>uti,</span> <span class='ocrx_word' id='word_1_64' title='bbox 550 1922 600 1954; x_wconf 89' lang='lat' dir='ltr'>ut</span> <span class='ocrx_word' id='word_1_65' title='bbox 616 1910 786 1963; x_wconf 42' lang='lat' dir='ltr'>‚vitium</span> <span class='ocrx_word' id='word_1_66' title='bbox 811 1911 987 1955; x_wconf 89' lang='lat' dir='ltr'>tuearis.</span> <span class='ocrx_word' id='word_1_67' title='bbox 1054 1909 1164 1955; x_wconf 89' lang='lat' dir='ltr'>Non</span> <span class='ocrx_word' id='word_1_68' title='bbox 1188 1921 1301 1971; x_wconf 89' lang='lat' dir='ltr'>puto</span> <span class='ocrx_word' id='word_1_69' title='bbox 1324 1920 1477 1954; x_wconf 84' lang='lat' dir='ltr'>autem</span> 
     </span>
     <span class='ocr_line' id='line_1_13' title="bbox 69 1971 1478 2036; baseline 0.001 -19"><span class='ocrx_word' id='word_1_70' title='bbox 69 1988 348 2034; x_wconf 84' lang='lat' dir='ltr'>quemquam</span> <span class='ocrx_word' id='word_1_71' title='bbox 376 1990 527 2036; x_wconf 77' lang='lat' dir='ltr'>pravae</span> <span class='ocrx_word' id='word_1_72' title='bbox 552 1973 683 2035; x_wconf 86' lang='lat' dir='ltr'>hujus</span> <span class='ocrx_word' id='word_1_73' title='bbox 708 1973 1000 2020; x_wconf 72' lang='lat' dir='ltr'>simulationis</span> <span class='ocrx_word' id='word_1_74' title='bbox 1035 1973 1131 2020; x_wconf 79' lang='lat' dir='ltr'>labe</span> <span class='ocrx_word' id='word_1_75' title='bbox 1171 1975 1316 2036; x_wconf 82' lang='lat' dir='ltr'>magis</span> <span class='ocrx_word' id='word_1_76' title='bbox 1340 1971 1478 2019; x_wconf 87' lang='lat' dir='ltr'>infec-</span> 
     </span>
     <span class='ocr_line' id='line_1_14' title="bbox 71 2037 1478 2100; baseline 0.001 -18"><span class='ocrx_word' id='word_1_77' title='bbox 71 2048 170 2082; x_wconf 90' lang='lat' dir='ltr'>tum</span> <span class='ocrx_word' id='word_1_78' title='bbox 195 2037 365 2094; x_wconf 87' lang='lat' dir='ltr'>vixisse,</span> <span class='ocrx_word' id='word_1_79' title='bbox 402 2054 539 2100; x_wconf 84' lang='lat' dir='ltr'>quam</span> <span class='ocrx_word' id='word_1_80' title='bbox 579 2038 921 2084; x_wconf 80' lang='lat' dir='ltr'>celeberrimum</span> <span class='ocrx_word' id='word_1_81' title='bbox 963 2038 1222 2085; x_wconf 82' lang='lat' dir='ltr'>historicum</span> <span class='ocrx_word' id='word_1_82' title='bbox 1248 2040 1301 2084; x_wconf 88' lang='lat' dir='ltr'>C.</span> <span class='ocrx_word' id='word_1_83' title='bbox 1327 2037 1478 2084; x_wconf 76' lang='lat' dir='ltr'>CRIS-</span> 
     </span>
     <span class='ocr_line' id='line_1_15' title="bbox 74 2102 1479 2165; baseline 0.001 -19"><span class='ocrx_word' id='word_1_84' title='bbox 74 2116 179 2147; x_wconf 79' lang='lat' dir='ltr'>PUM</span> <span class='ocrx_word' id='word_1_85' title='bbox 217 2103 567 2158; x_wconf 74' lang='lat' dir='ltr'>SALLUSTIUM,</span> <span class='ocrx_word' id='word_1_86' title='bbox 604 2115 653 2147; x_wconf 90' lang='lat' dir='ltr'>ut</span> <span class='ocrx_word' id='word_1_87' title='bbox 678 2103 864 2164; x_wconf 85' lang='lat' dir='ltr'>liquebit</span> <span class='ocrx_word' id='word_1_88' title='bbox 892 2119 947 2150; x_wconf 82' lang='lat' dir='ltr'>ex</span> <span class='ocrx_word' id='word_1_89' title='bbox 977 2102 1072 2165; x_wconf 84' lang='lat' dir='ltr'>ejus</span> <span class='ocrx_word' id='word_1_90' title='bbox 1102 2105 1225 2156; x_wconf 84' lang='lat' dir='ltr'>vita·‚</span> <span class='ocrx_word' id='word_1_91' title='bbox 1261 2118 1400 2165; x_wconf 81' lang='lat' dir='ltr'>quam</span> <span class='ocrx_word' id='word_1_92' title='bbox 1423 2118 1479 2148; x_wconf 82' lang='lat' dir='ltr'>ex</span> 
     </span>
     <span class='ocr_line' id='line_1_16' title="bbox 74 2164 1476 2230; baseline 0.002 -20"><span class='ocrx_word' id='word_1_93' title='bbox 74 2167 294 2213; x_wconf 86' lang='lat' dir='ltr'>veteribus</span> <span class='ocrx_word' id='word_1_94' title='bbox 321 2164 543 2229; x_wconf 67' lang='lat' dir='ltr'>&#39;colligere</span> <span class='ocrx_word' id='word_1_95' title='bbox 583 2167 730 2221; x_wconf 87' lang='lat' dir='ltr'>statui,</span> <span class='ocrx_word' id='word_1_96' title='bbox 771 2181 822 2213; x_wconf 89' lang='lat' dir='ltr'>ut</span> <span class='ocrx_word' id='word_1_97' title='bbox 860 2170 1139 2230; x_wconf 85' lang='lat' dir='ltr'>quicumque</span> <span class='ocrx_word' id='word_1_98' title='bbox 1163 2182 1260 2213; x_wconf 81' lang='lat' dir='ltr'>eam</span> <span class='ocrx_word' id='word_1_99' title='bbox 1310 2168 1476 2229; x_wconf 82' lang='lat' dir='ltr'>legent,</span> 
     </span>
     <span class='ocr_line' id='line_1_17' title="bbox 76 2227 1479 2296; baseline 0.001 -21"><span class='ocrx_word' id='word_1_100' title='bbox 76 2227 160 2276; x_wconf 90' lang='lat' dir='ltr'>hoc</span> <span class='ocrx_word' id='word_1_101' title='bbox 182 2232 393 2294; x_wconf 86' lang='lat' dir='ltr'>exemplo</span> <span class='ocrx_word' id='word_1_102' title='bbox 415 2233 684 2294; x_wconf 75' lang='lat' dir='ltr'>intelligant,</span> <span class='ocrx_word' id='word_1_103' title='bbox 721 2247 810 2278; x_wconf 87' lang='lat' dir='ltr'>non</span> <span class='ocrx_word' id='word_1_104' title='bbox 842 2233 925 2281; x_wconf 78' lang='lat' dir='ltr'>effe</span> <span class='ocrx_word' id='word_1_105' title='bbox 958 2246 1197 2296; x_wconf 83' lang='lat' dir='ltr'>propterea</span> <span class='ocrx_word' id='word_1_106' title='bbox 1224 2231 1479 2277; x_wconf 83' lang='lat' dir='ltr'>existiman-</span> 
     </span>
     <span class='ocr_line' id='line_1_18' title="bbox 75 2292 1481 2360; baseline 0.003 -22"><span class='ocrx_word' id='word_1_107' title='bbox 75 2292 186 2344; x_wconf 86' lang='lat' dir='ltr'>dum</span> <span class='ocrx_word' id='word_1_108' title='bbox 209 2295 379 2342; x_wconf 90' lang='lat' dir='ltr'>bonum</span> <span class='ocrx_word' id='word_1_109' title='bbox 406 2312 683 2359; x_wconf 85' lang='lat' dir='ltr'>quemquam</span> <span class='ocrx_word' id='word_1_110' title='bbox 716 2295 856 2354; x_wconf 82' lang='lat' dir='ltr'>fuiffe,</span> <span class='ocrx_word' id='word_1_111' title='bbox 893 2298 1019 2360; x_wconf 86' lang='lat' dir='ltr'>quod</span> <span class='ocrx_word' id='word_1_112' title='bbox 1050 2299 1269 2343; x_wconf 87' lang='lat' dir='ltr'>virtutem</span> <span class='ocrx_word' id='word_1_113' title='bbox 1305 2296 1481 2342; x_wconf 88' lang='lat' dir='ltr'>calamo</span> 
     </span>
     <span class='ocr_line' id='line_1_19' title="bbox 77 2357 1480 2416; baseline 0.002 -14"><span class='ocrx_word' id='word_1_114' title='bbox 77 2357 337 2416; x_wconf 84' lang='lat' dir='ltr'>defenderit,</span> <span class='ocrx_word' id='word_1_115' title='bbox 373 2362 452 2408; x_wconf 81' lang='lat' dir='ltr'>nisi</span> <span class='ocrx_word' id='word_1_116' title='bbox 485 2361 653 2408; x_wconf 84' lang='lat' dir='ltr'>constet</span> <span class='ocrx_word' id='word_1_117' title='bbox 679 2377 825 2408; x_wconf 86' lang='lat' dir='ltr'>mores</span> <span class='ocrx_word' id='word_1_118' title='bbox 858 2378 963 2409; x_wconf 89' lang='lat' dir='ltr'>cum</span> <span class='ocrx_word' id='word_1_119' title='bbox 989 2361 1266 2408; x_wconf 85' lang='lat' dir='ltr'>sermonibus</span> <span class='ocrx_word' id='word_1_120' title='bbox 1296 2361 1480 2406; x_wconf 86' lang='lat' dir='ltr'>consen-</span> 
     </span>
     <span class='ocr_line' id='line_1_20' title="bbox 78 2421 1481 2488; baseline 0.003 -22"><span class='ocrx_word' id='word_1_121' title='bbox 78 2421 184 2468; x_wconf 77' lang='lat' dir='ltr'>sifl&#39;e.</span> <span class='ocrx_word' id='word_1_122' title='bbox 248 2424 401 2472; x_wconf 85' lang='lat' dir='ltr'>Nemo</span> <span class='ocrx_word' id='word_1_123' title='bbox 434 2440 550 2472; x_wconf 90' lang='lat' dir='ltr'>certe</span> <span class='ocrx_word' id='word_1_124' title='bbox 581 2427 826 2488; x_wconf 82' lang='lat' dir='ltr'>elegantius</span> <span class='ocrx_word' id='word_1_125' title='bbox 860 2427 907 2472; x_wconf 75' lang='grc' dir='ltr'>ὅτ</span> <span class='ocrx_word' id='word_1_126' title='bbox 948 2429 1089 2473; x_wconf 85' lang='lat' dir='ltr'>acrius</span> <span class='ocrx_word' id='word_1_127' title='bbox 1128 2428 1173 2472; x_wconf 91' lang='lat' dir='ltr'>in</span> <span class='ocrx_word' id='word_1_128' title='bbox 1210 2426 1298 2472; x_wconf 87' lang='lat' dir='ltr'>suae</span> <span class='ocrx_word' id='word_1_129' title='bbox 1337 2426 1481 2472; x_wconf 65' lang='lat' dir='ltr'>fetatis</span> 
     </span>
     <span class='ocr_line' id='line_1_21' title="bbox 75 2487 1524 2552; baseline 0.003 -22"><span class='ocrx_word' id='word_1_130' title='bbox 75 2487 200 2542; x_wconf 83' lang='lat' dir='ltr'>vitia,</span> <span class='ocrx_word' id='word_1_131' title='bbox 249 2504 382 2549; x_wconf 84' lang='lat' dir='ltr'>quam</span> <span class='ocrx_word' id='word_1_132' title='bbox 434 2491 678 2546; x_wconf 86' lang='lat' dir='ltr'>Sallustius,</span> <span class='ocrx_word' id='word_1_133' title='bbox 731 2491 933 2538; x_wconf 66' lang='lat' dir='ltr'>inveetus</span> <span class='ocrx_word' id='word_1_134' title='bbox 977 2492 1068 2545; x_wconf 64' lang='lat' dir='ltr'>est,</span> <span class='ocrx_word' id='word_1_135' title='bbox 1121 2508 1200 2538; x_wconf 88' lang='lat' dir='ltr'>nec</span> <span class='ocrx_word' id='word_1_136' title='bbox 1240 2490 1524 2552; x_wconf 15' lang='lat' dir='ltr'>quisquam*</span> 
     </span>
     <span class='ocr_line' id='line_1_22' title="bbox 79 2550 711 2603; baseline 0.011 -7"><span class='ocrx_word' id='word_1_137' title='bbox 79 2550 187 2597; x_wconf 82' lang='lat' dir='ltr'>vitae</span> <span class='ocrx_word' id='word_1_138' title='bbox 212 2553 360 2598; x_wconf 86' lang='lat' dir='ltr'>minus</span> <span class='ocrx_word' id='word_1_139' title='bbox 383 2553 543 2601; x_wconf 77' lang='lat' dir='ltr'>severae</span> <span class='ocrx_word' id='word_1_140' title='bbox 568 2557 666 2603; x_wconf 71' lang='lat' dir='ltr'>fuit.</span> <span class='ocrx_word' id='word_1_141' title='bbox 710 2557 711 2560; x_wconf 68' lang='grc'>’</span> 
     </span>
    </p>
   </div>
   <div class='ocr_carea' id='block_1_7' title="bbox 716 2682 1484 2745">
    <p class='ocr_par' dir='ltr' id='par_1_8' title="bbox 716 2682 1484 2745">
     <span class='ocr_line' id='line_1_23' title="bbox 716 2682 1484 2745; baseline 0 -16"><span class='ocrx_word' id='word_1_142' title='bbox 716 2684 754 2729; x_wconf 93' lang='lat' dir='ltr'>C</span> <span class='ocrx_word' id='word_1_143' title='bbox 781 2700 809 2745; x_wconf 78' lang='lat'>3</span> <span class='ocrx_word' id='word_1_144' title='bbox 1337 2682 1484 2729; x_wconf 87' lang='lat' dir='ltr'>Natus</span> 
     </span>
    </p>
   </div>
  </div>
 </body>
</html>
