1666 2946
262 71 368 119 -DE
401 69 725 118 REPUBL.
761 68 1264 116 ORDINANDA.
1355 70 1450 134 2269

71 167 77 172 ⁴
95 163 192 202 tuae,
222 154 413 207 nimisque
442 153 481 192 in
501 151 626 191 vietos
646 151 748 191 bona
769 152 972 191 voluntate
990 149 1236 202 praedicent?
1295 148 1455 191 Scilicet

93 210 199 264 quod
211 224 276 257 ea,
307 225 394 263 quae
415 210 558 250 exteris
582 208 821 257 nationibus,
842 218 980 247 natura
995 205 1181 256 hostibus,
1204 206 1349 260 nosque
1365 221 1453 246 ma·

87 265 271 321 jore-sque
290 266 409 307 nostri
421 267 520 318 saepe
539 266 726 314 tribuere,
758 279 801 304 ea
817 264 964 305 civibus
984 265 1110 304 danda
1128 264 1297 304 arbitror
1313 281 1323 311 ;
1356 276 1452 316 neq;

96 323 258 364 barba-ro
276 324 353 364 ritu
371 324 482 364 -caede
496 323 668 372 caedem,
699 323 737 363 δι
751 321 937 375 sanguine
950 320 1176 375 sanguinem
1196 320 1453 373 expiandum.

95 382 161 419 An
182 380 265 430 illa,
296 395 383 433 quae
405 379 535 433 paullo
567 390 659 419 ante
683 378 762 418 hoc
782 378 927 418 bellum
954 379 994 418 in
1013 378 1092 418 Cn.
1115 377 1348 433 Pompejum
1370 378 1454 416 vic-

93 437 314 492 toriamque
329 436 524 477 Sullanam
544 435 860 487 increpabantur,
880 435 1028 475 oblivio
1046 434 1221 483 abstulit3
1254 434 1455 474 interfecit

93 492 342 544 Domitium,
389 493 632 542 carbonem,
677 492 865 542 Brutum,
905 494 999 532 alios
1024 492 1118 532 item
1150 507 1232 532 non
1265 501 1453 541 armatos,

91 564 221 603 neque
243 553 282 592 in
302 551 436 604 praelio
456 549 547 590 belli
560 550 667 604 jure,
708 549 769 589 sed
791 550 874 601 post
893 564 940 590 ea
959 548 1145 602 supplices
1163 563 1232 602 per
1250 551 1451 588 summum

88 606 211 647 scelus
239 607 494 656 interfeElos3
522 606 678 662 plebem
702 607 927 647 Romanam
961 608 1000 647 in
1021 606 1111 647 villa
1131 607 1284 661 publica
1302 605 1454 659 pecoris

90 666 214 707 modo
234 663 474 706 conscissam.

154 720 228 762 Vl.
262 722 351 762 Heu
373 735 490 775 quam
522 721 589 761 illa
621 721 776 762 occul-ta
809 722 955 761 civium
978 721 1131 771 funera,
1166 721 1204 762 ὅτ,
1235 719 1452 771 repentinae

90 779 216 819 caedes
236 779 278 820 in
299 790 520 832 parentum,
552 789 618 818 aut
638 779 850 819 liberorum
874 777 1016 827 linum,
1037 777 1129 831 fuga
1149 775 1377 825 mulierum,
1410 776 1452 817 &

88 848 320 887 puerorum,
351 835 512 876 vastatio
532 835 770 878 domorum!
815 846 906 876 ante
939 848 1092 888 partam
1123 848 1146 875 a
1176 843 1217 875 te
1245 832 1453 873 victoriam

90 894 228 933 omnia
244 893 346 934 saeva
389 904 508 947 atque
524 892 699 933 crudelia
718 902 842 942 erant.
903 892 966 933 Ad
987 905 1075 946 quae
1095 900 1134 931 te
1152 891 1206 932 illi
1226 891 1343 931 iidem
1358 890 1455 930 hor-

90 958 245 998 tantur,
280 952 318 993 δι
339 950 482 990 scilicet
503 951 538 989 id
560 960 754 990 certatum
775 948 849 990 effe
869 951 992 991 utrius
1004 948 1175 990 vestrum
1190 948 1368 994 arbitrio,
1389 947 1453 987 in-

83 1006 201 1060 juriae
219 1008 275 1048 uti
291 1006 457 1055 fierent3
489 1021 617 1060 neque
632 1017 847 1061 receptam,
868 1007 930 1048 sed
945 1017 1099 1058 captam
1116 1020 1137 1046 a
1153 1016 1191 1046 te
1205 1018 1330 1057 remp.
1351 1005 1390 1047 &
1405 1017 1453 1044 ea

87 1063 216 1104 caussa
235 1065 429 1104 exercitus
460 1064 656 1116 stipendiis
685 1063 892 1113 confectis,
925 1064 1112 1117 optimos,
1151 1065 1190 1104 δι
1218 1061 1452 1102 veterrimos

89 1123 272 1163 omnium
294 1121 494 1162 adversum
516 1120 668 1171 fratres,
691 1122 959 1174 parentesque,
980 1119 1043 1161 alii
1056 1119 1199 1160 liberos
1217 1119 1334 1159 armis
1352 1132 1453 1159 con-

89 1178 282 1227 tendere3
315 1188 358 1218 ut
385 1193 433 1218 ex
453 1177 586 1218 alienis
615 1177 725 1219 malis
740 1179 945 1219 deterrimi
979 1177 1163 1218 mortaies
1182 1177 1311 1217 ventri
1331 1185 1451 1228 atque

88 1237 294 1288 profundae
312 1235 462 1275 libidini
482 1236 628 1276 sumtus
649 1247 896 1290 quaererent3
938 1245 1055 1287 atque
1087 1232 1210 1274 essent
1241 1232 1462 1286 opprobria*

89 1292 267 1332 victoriae
284 1310 297 1341 3
333 1306 500 1346 quorum
522 1293 675 1348 flagitiis
695 1292 1052 1333 commacularetur
1073 1292 1269 1332 bonorum
1288 1289 1385 1330 laus.

145 1348 239 1389 Vll.
274 1348 419 1402 Neque
438 1350 545 1390 enim
567 1360 605 1390 te
626 1350 825 1402 praeterire
845 1359 958 1402 puto,
994 1348 1098 1403 quali
1118 1348 1277 1401 quilque
1305 1360 1448 1387 eorum

89 1420 204 1447 more
222 1418 290 1446 aut
310 1407 516 1457 modestia,
555 1407 677 1447 etium
699 1417 783 1447 tum
806 1407 922 1447 dubia
943 1405 1125 1455 victoria,
1158 1404 1234 1445 sese
1265 1403 1448 1459 gefferit3

87 1477 245 1518 quoque
281 1466 401 1504 modo
432 1466 470 1504 in
502 1464 589 1504 belli
620 1463 955 1505 administratione
975 1464 1115 1512 scorta,
1146 1473 1214 1502 aut
1244 1462 1448 1510 convivia,

54 1555 56 1558 .
87 1520 337 1562 exercuerint
358 1521 558 1569 nonnulli3
589 1535 756 1575 quorum
774 1532 866 1562 aetas
882 1536 933 1561 ne
948 1535 1016 1573 per
1034 1520 1162 1560 otium
1178 1519 1338 1571 quidem
1352 1517 1450 1559 tales

87 1582 306 1630 voluptates
321 1576 398 1618 sine
414 1578 607 1619 dedecore
621 1579 807 1632 attigerit.
868 1578 933 1618 De
947 1577 1051 1618 bello
1064 1576 1151 1617 satis
1164 1575 1329 1616 dictum.
1380 1573 1450 1615 De

86 1649 181 1687 pace
201 1634 390 1675 firmanda
409 1637 596 1690 quoniam
614 1645 753 1689 tuque,
785 1637 822 1678 δε
843 1636 974 1675 omnis
991 1636 1049 1676 tui
1068 1634 1221 1689 agitatis
1233 1650 1246 1680 ;
1273 1633 1449 1685 primum

86 1692 143 1741 id,
184 1692 328 1744 quaeso,
363 1691 580 1743 co-nssdera,
614 1692 729 1747 quale
761 1693 797 1732 id
828 1692 889 1740 fit,
925 1692 974 1732 de
1003 1706 1083 1745 quo
1114 1690 1333 1737 consultam
1373 1691 1446 1738 ita,

91 1750 218 1798 bonis,
242 1749 424 1803 malisque
433 1750 612 1799 dimotis,
633 1750 781 1802 patenti
794 1750 853 1789 via
869 1749 916 1789 ad
931 1763 1065 1789 verum
1080 1761 1230 1802 perges.
1296 1747 1383 1801 Ego
1395 1744 1448 1787 fic

28 1819 32 1826 “
87 1808 293 1846 existumo
329 1810 514 1860 quoniam
536 1818 621 1847 orta
640 1809 774 1847 omnia
793 1808 1009 1854 intereunt,
1037 1820 1112 1859 qua
1131 1803 1362 1856 tempestate
1381 1817 1449 1843 ur-

87 1864 127 1903 bi
144 1863 336 1904 Romanae
352 1865 476 1904 fatum
497 1865 638 1904 excidii
667 1865 911 1910 adventarit;
954 1864 1061 1903 cives
1078 1877 1173 1902 cum
1189 1862 1342 1903 civibus
1361 1875 1447 1900 ma-

89 1935 162 1964 nus
180 1920 426 1966 conserturos
444 1938 456 1970 3
493 1923 547 1961 ita
576 1920 753 1970 defessos,
790 1923 825 1963 &
842 1919 1053 1974 exsangues
1073 1921 1170 1974 regi,
1206 1929 1274 1959 aut
1293 1918 1448 1959 nationi

87 1978 230 2030 praedae
249 1977 413 2018 futuros.
476 1978 603 2018 Aliter
635 1992 717 2018 non
751 1979 855 2019 orbis
883 1990 1094 2027 terrarum,
1128 1990 1256 2030 neque
1285 1974 1443 2016 cunetae

90 2046 225 2089 gentes
244 2036 507 2088 conglobatae,
535 2049 712 2084 movere,
743 2047 810 2075 aut
830 2035 1074 2074 contundere
1092 2044 1242 2089 queunt
1261 2033 1338 2073 hoc
1366 2032 1445 2072 im-

89 2092 257 2144 perium.
316 2091 527 2133 Firmanda
553 2092 672 2147 igitur
696 2092 783 2134 sunt
809 2092 1035 2133 concordiae
1065 2093 1167 2132 bona
1183 2091 1224 2134 δι
1243 2089 1444 2130 discordiae

89 2148 192 2190 mala
210 2148 450 2202 expellenda.

147 2204 264 2246 VIlI.
295 2205 338 2245 Id
360 2207 412 2246 ita
439 2205 611 2254 eveniet,
646 2203 672 2245 fi
692 2205 910 2256 sumtuum,
941 2206 978 2248 δι
1000 2206 1221 2259 rapinarum
1241 2202 1445 2245 licentiam

88 2263 272 2304 demseris
290 2279 300 2310 3
332 2277 413 2303 non
433 2265 479 2303 ad
501 2274 628 2304 vetera
650 2263 822 2304 instituta
842 2277 1045 2313 revocans,
1079 2277 1166 2317 quae
1188 2262 1273 2317 jam
1292 2262 1446 2314 pridem

88 2321 282 2373 corruptis
303 2320 493 2370 moribus,
527 2320 696 2360 ludibrio
715 2321 801 2360 sunt
819 2337 830 2370 ;
867 2320 927 2360 sed
949 2319 975 2359 fi
994 2321 1101 2360 suam
1119 2320 1261 2373 cuique
1283 2332 1366 2359 rem
1387 2318 1446 2357 fa-

87 2377 282 2418 miliarem
304 2375 425 2417 finem
441 2378 637 2418 sumtuum
653 2377 827 2418 statueris
845 2394 857 2426 ς
891 2378 1077 2431 quoniam
1099 2376 1322 2418 his.inceffit
1341 2389 1444 2424 mos,

89 2445 134 2477 ut
164 2435 341 2474 homines
375 2433 666 2485 adolescentuli,
701 2434 763 2474 sua
783 2448 900 2489 atque
916 2434 1043 2475 aliena
1067 2433 1314 2481 consumere,
1349 2431 1444 2472 nihil

89 2491 269 2540 lubidini,
302 2502 418 2545 atque
438 2491 517 2531 aliis
543 2492 768 2545 rogantibus
788 2493 998 2544 denegare,
1032 2492 1351 2544 pulcherrumum
1373 2504 1446 2541 pu-

87 2559 200 2596 tent5
237 2562 323 2588 eam
345 2549 546 2596 virtutem,
582 2550 620 2590 &
641 2549 955 2604 magnitudinem
975 2549 1114 2598 animi,
1145 2547 1353 2601 pudorem,
1384 2556 1445 2586 at-

23 2622 29 2629 „
87 2619 166 2672 que
187 2603 414 2647 modestiam
449 2619 520 2657 pro
551 2603 723 2646 socordia
733 2605 958 2703 Saestiment.
1017 2606 1127 2661 Ergo
1144 2605 1296 2649 animus
1315 2604 1445 2652 ferox,

787 2677 813 2718 3
1332 2672 1449 2715 prava
