<?xml version="1.0" encoding="UTF-8"?>
<!DOCTYPE html PUBLIC "-//W3C//DTD XHTML 1.0 Transitional//EN"
    "http://www.w3.org/TR/xhtml1/DTD/xhtml1-transitional.dtd">
<html xmlns="http://www.w3.org/1999/xhtml" xml:lang="en" lang="en">
 <head>
  <title>
</title>
<meta http-equiv="Content-Type" content="text/html;charset=utf-8" />
  <meta name='ocr-system' content='tesseract 3.04.00' />
  <meta name='ocr-capabilities' content='ocr_page ocr_carea ocr_par ocr_line ocrx_word'/>
</head>
<body>
  <div class='ocr_page' id='page_1' title='image "./ccrispisalustiib00sall_0041.png"; bbox 0 0 1666 2946; ppageno 0'>
   <div class='ocr_carea' id='block_1_1' title="bbox 18 93 1426 755">
    <p class='ocr_par' dir='ltr' id='par_1_1' title="bbox 18 93 1426 755">
     <span class='ocr_line' id='line_1_1' title="bbox 427 93 1419 146; baseline 0.004 -4"><span class='ocrx_word' id='word_1_1' title='bbox 427 96 476 142; x_wconf 69' lang='lat' dir='ltr'><strong>V*</strong></span> <span class='ocrx_word' id='word_1_2' title='bbox 601 93 632 142; x_wconf 70' lang='grc' dir='ltr'><strong>Ιι</strong></span> <span class='ocrx_word' id='word_1_3' title='bbox 752 96 797 142; x_wconf 91' lang='lat' dir='ltr'>T</span> <span class='ocrx_word' id='word_1_4' title='bbox 927 97 988 142; x_wconf 86' lang='lat' dir='ltr'><strong>A.</strong></span> <span class='ocrx_word' id='word_1_5' title='bbox 1261 96 1419 146; x_wconf 64' lang='lat' dir='ltr'><strong>xxxvii</strong></span> 
     </span>
     <span class='ocr_line' id='line_1_2' title="bbox 24 171 1418 233; baseline 0.001 -9"><span class='ocrx_word' id='word_1_6' title='bbox 24 176 78 224; x_wconf 89' lang='lat' dir='ltr'><strong>L.</strong></span> <span class='ocrx_word' id='word_1_7' title='bbox 104 174 314 224; x_wconf 89' lang='lat' dir='ltr'><strong>Cornelio</strong></span> <span class='ocrx_word' id='word_1_8' title='bbox 336 174 537 221; x_wconf 83' lang='lat' dir='ltr'>Lentulo</span> <span class='ocrx_word' id='word_1_9' title='bbox 561 172 663 220; x_wconf 81' lang='lat' dir='ltr'><strong>coss.</strong></span> <span class='ocrx_word' id='word_1_10' title='bbox 689 188 713 218; x_wconf 84' lang='lat' dir='ltr'><strong>a</strong></span> <span class='ocrx_word' id='word_1_11' title='bbox 742 171 915 219; x_wconf 83' lang='lat' dir='ltr'><strong>Caesare</strong></span> <span class='ocrx_word' id='word_1_12' title='bbox 941 178 963 233; x_wconf 86' lang='lat'><em>(</em></span> <span class='ocrx_word' id='word_1_13' title='bbox 965 178 1012 232; x_wconf 82' lang='lat' dir='ltr'><strong>cz)</strong></span> <span class='ocrx_word' id='word_1_14' title='bbox 1036 172 1098 219; x_wconf 87' lang='lat' dir='ltr'><strong>est</strong></span> <span class='ocrx_word' id='word_1_15' title='bbox 1137 173 1181 218; x_wconf 88' lang='lat' dir='ltr'><strong>in</strong></span> <span class='ocrx_word' id='word_1_16' title='bbox 1217 175 1418 225; x_wconf 82' lang='lat' dir='ltr'><strong>senatum</strong></span> 
     </span>
     <span class='ocr_line' id='line_1_3' title="bbox 23 238 1418 301; baseline -0.001 -12"><span class='ocrx_word' id='word_1_17' title='bbox 23 243 261 289; x_wconf 64' lang='lat' dir='ltr'><strong>reductus·</strong></span> <span class='ocrx_word' id='word_1_18' title='bbox 251 275 265 294; x_wconf 90' lang='lat'>‚</span> <span class='ocrx_word' id='word_1_19' title='bbox 305 239 528 301; x_wconf 63' lang='lat' dir='ltr'><strong>quaestura</strong></span> <span class='ocrx_word' id='word_1_20' title='bbox 569 241 734 284; x_wconf 88' lang='lat' dir='ltr'><strong>iterum</strong></span> <span class='ocrx_word' id='word_1_21' title='bbox 771 251 970 301; x_wconf 83' lang='lat' dir='ltr'><strong>accepta,</strong></span> <span class='ocrx_word' id='word_1_22' title='bbox 1017 251 1068 284; x_wconf 90' lang='lat' dir='ltr'><strong>ut</strong></span> <span class='ocrx_word' id='word_1_23' title='bbox 1106 238 1328 287; x_wconf 75' lang='lat' dir='ltr'><strong>honestius</strong></span> <span class='ocrx_word' id='word_1_24' title='bbox 1373 245 1418 288; x_wconf 85' lang='lat' dir='ltr'><strong>in</strong></span> 
     </span>
     <span class='ocr_line' id='line_1_4' title="bbox 22 304 1419 371; baseline -0.001 -17"><span class='ocrx_word' id='word_1_25' title='bbox 22 307 338 371; x_wconf 74' lang='lat' dir='ltr'><strong>ampliffimum</strong></span> <span class='ocrx_word' id='word_1_26' title='bbox 377 305 580 350; x_wconf 85' lang='lat' dir='ltr'>ordinem</span> <span class='ocrx_word' id='word_1_27' title='bbox 622 305 906 365; x_wconf 82' lang='lat' dir='ltr'><strong>reciperetur.</strong></span> <span class='ocrx_word' id='word_1_28' title='bbox 989 304 1114 351; x_wconf 78' lang='lat' dir='ltr'><strong>Eum</strong></span> <span class='ocrx_word' id='word_1_29' title='bbox 1155 316 1304 350; x_wconf 84' lang='lat' dir='ltr'><strong>autem</strong></span> <span class='ocrx_word' id='word_1_30' title='bbox 1346 306 1419 353; x_wconf 80' lang='lat' dir='ltr'><strong>ho-</strong></span> 
     </span>
     <span class='ocr_line' id='line_1_5' title="bbox 22 368 1426 430; baseline -0.001 -11"><span class='ocrx_word' id='word_1_31' title='bbox 22 388 164 428; x_wconf 78' lang='lat' dir='ltr'><strong>norem,</strong></span> <span class='ocrx_word' id='word_1_32' title='bbox 200 369 231 416; x_wconf 86' lang='lat' dir='ltr'><strong>fi</strong></span> <span class='ocrx_word' id='word_1_33' title='bbox 271 368 467 416; x_wconf 78' lang='lat' dir='ltr'><strong>adversae</strong></span> <span class='ocrx_word' id='word_1_34' title='bbox 506 368 642 414; x_wconf 82' lang='lat' dir='ltr'><strong>samae</strong></span> <span class='ocrx_word' id='word_1_35' title='bbox 686 368 926 425; x_wconf 86' lang='lat' dir='ltr'><strong>credimus,</strong></span> <span class='ocrx_word' id='word_1_36' title='bbox 975 371 1037 416; x_wconf 80' lang='lat' dir='ltr'><strong>ita</strong></span> <span class='ocrx_word' id='word_1_37' title='bbox 1068 368 1195 430; x_wconf 77' lang='lat' dir='ltr'><strong>gfft,</strong></span> <span class='ocrx_word' id='word_1_38' title='bbox 1231 380 1278 416; x_wconf 86' lang='lat' dir='ltr'><strong>ut</strong></span> <span class='ocrx_word' id='word_1_39' title='bbox 1315 371 1426 417; x_wconf 71' lang='lat' dir='ltr'><strong>nihil</strong></span> 
     </span>
     <span class='ocr_line' id='line_1_6' title="bbox 21 434 1424 496; baseline -0.001 -12.992"><span class='ocrx_word' id='word_1_40' title='bbox 21 440 59 483; x_wconf 75' lang='lat' dir='ltr'><strong>in</strong></span> <span class='ocrx_word' id='word_1_41' title='bbox 78 452 120 483; x_wconf 88' lang='lat' dir='ltr'><strong>eo</strong></span> <span class='ocrx_word' id='word_1_42' title='bbox 140 450 214 482; x_wconf 85' lang='lat' dir='ltr'><strong>non</strong></span> <span class='ocrx_word' id='word_1_43' title='bbox 235 434 377 481; x_wconf 80' lang='lat' dir='ltr'><strong>venale</strong></span> <span class='ocrx_word' id='word_1_44' title='bbox 397 435 603 488; x_wconf 81' lang='lat' dir='ltr'><strong>habuerit,</strong></span> <span class='ocrx_word' id='word_1_45' title='bbox 640 435 753 496; x_wconf 82' lang='lat' dir='ltr'><strong>cujus</strong></span> <span class='ocrx_word' id='word_1_46' title='bbox 780 434 925 495; x_wconf 75' lang='lat' dir='ltr'><strong>aliquis</strong></span> <span class='ocrx_word' id='word_1_47' title='bbox 947 444 1099 494; x_wconf 78' lang='lat' dir='ltr'><strong>emptor</strong></span> <span class='ocrx_word' id='word_1_48' title='bbox 1119 434 1226 495; x_wconf 79' lang='lat' dir='ltr'><strong>fuit</strong></span> <span class='ocrx_word' id='word_1_49' title='bbox 1293 434 1424 482; x_wconf 78' lang='lat' dir='ltr'><strong>Nihil</strong></span> 
     </span>
     <span class='ocr_line' id='line_1_7' title="bbox 20 497 1420 562; baseline 0.001 -17"><span class='ocrx_word' id='word_1_50' title='bbox 20 517 91 561; x_wconf 70' lang='lat' dir='ltr'><strong>non</strong></span> <span class='ocrx_word' id='word_1_51' title='bbox 117 515 269 561; x_wconf 80' lang='lat' dir='ltr'><strong>aequum</strong></span> <span class='ocrx_word' id='word_1_52' title='bbox 306 515 354 544; x_wconf 77' lang='lat' dir='ltr'><strong>ac</strong></span> <span class='ocrx_word' id='word_1_53' title='bbox 391 516 533 546; x_wconf 80' lang='lat' dir='ltr'><strong>verum</strong></span> <span class='ocrx_word' id='word_1_54' title='bbox 571 498 705 554; x_wconf 78' lang='lat' dir='ltr'><strong>duxit,</strong></span> <span class='ocrx_word' id='word_1_55' title='bbox 753 499 855 561; x_wconf 75' lang='lat' dir='ltr'><strong>quod</strong></span> <span class='ocrx_word' id='word_1_56' title='bbox 891 497 966 557; x_wconf 76' lang='lat' dir='ltr'><strong>ipfi</strong></span> <span class='ocrx_word' id='word_1_57' title='bbox 995 498 1140 558; x_wconf 73' lang='lat' dir='ltr'><strong>facere</strong></span> <span class='ocrx_word' id='word_1_58' title='bbox 1177 499 1420 562; x_wconf 77' lang='lat' dir='ltr'><strong>collibuiffit.</strong></span> 
     </span>
     <span class='ocr_line' id='line_1_8' title="bbox 20 562 1422 627; baseline -0.001 -16"><span class='ocrx_word' id='word_1_59' title='bbox 20 566 204 627; x_wconf 76' lang='lat' dir='ltr'><strong>Propter</strong></span> <span class='ocrx_word' id='word_1_60' title='bbox 237 565 439 610; x_wconf 78' lang='lat' dir='ltr'><strong>iteratam</strong></span> <span class='ocrx_word' id='word_1_61' title='bbox 476 562 766 626; x_wconf 79' lang='lat' dir='ltr'><strong>quaesturam,</strong></span> <span class='ocrx_word' id='word_1_62' title='bbox 804 563 972 625; x_wconf 79' lang='lat' dir='ltr'><strong>priscus</strong></span> <span class='ocrx_word' id='word_1_63' title='bbox 1006 562 1297 619; x_wconf 73' lang='lat' dir='ltr'><strong>declamator,</strong></span> <span class='ocrx_word' id='word_1_64' title='bbox 1339 581 1422 610; x_wconf 90' lang='lat' dir='ltr'><strong>cu-</strong></span> 
     </span>
     <span class='ocr_line' id='line_1_9' title="bbox 19 627 1420 691; baseline -0.001 -15"><span class='ocrx_word' id='word_1_65' title='bbox 19 627 83 686; x_wconf 62' lang='lat' dir='ltr'><strong>ius</strong></span> <span class='ocrx_word' id='word_1_66' title='bbox 112 629 247 674; x_wconf 81' lang='lat' dir='ltr'><strong>verba</strong></span> <span class='ocrx_word' id='word_1_67' title='bbox 281 630 574 691; x_wconf 83' lang='lat' dir='ltr'><strong>protulimus,</strong></span> <span class='ocrx_word' id='word_1_68' title='bbox 611 628 671 673; x_wconf 79' lang='lat' dir='ltr'><strong>bis</strong></span> <span class='ocrx_word' id='word_1_69' title='bbox 695 629 938 689; x_wconf 65' lang='lat' dir='ltr'><strong>finatorem‚</strong></span> <span class='ocrx_word' id='word_1_70' title='bbox 974 627 1035 672; x_wconf 79' lang='lat' dir='ltr'><strong>bis</strong></span> <span class='ocrx_word' id='word_1_71' title='bbox 1067 628 1292 690; x_wconf 63' lang='lat' dir='ltr'><strong>quaestorem</strong></span> <span class='ocrx_word' id='word_1_72' title='bbox 1318 629 1420 689; x_wconf 81' lang='lat' dir='ltr'><strong>fac·</strong></span> 
     </span>
     <span class='ocr_line' id='line_1_10' title="bbox 18 692 1420 755; baseline 0 -15"><span class='ocrx_word' id='word_1_73' title='bbox 18 705 117 752; x_wconf 80' lang='lat' dir='ltr'><strong>tum3</strong></span> <span class='ocrx_word' id='word_1_74' title='bbox 165 696 238 740; x_wconf 88' lang='lat' dir='ltr'><strong>ait.</strong></span> <span class='ocrx_word' id='word_1_75' title='bbox 323 696 390 739; x_wconf 87' lang='lat' dir='ltr'><strong>At</strong></span> <span class='ocrx_word' id='word_1_76' title='bbox 434 694 544 749; x_wconf 88' lang='lat' dir='ltr'><strong>Dio,</strong></span> <span class='ocrx_word' id='word_1_77' title='bbox 594 692 669 738; x_wconf 89' lang='lat' dir='ltr'><strong>lib.</strong></span> <span class='ocrx_word' id='word_1_78' title='bbox 700 708 822 738; x_wconf 79' lang='lat' dir='ltr'><strong>xL11.</strong></span> <span class='ocrx_word' id='word_1_79' title='bbox 870 692 986 747; x_wconf 78' lang='lat' dir='ltr'><strong>vult,</strong></span> <span class='ocrx_word' id='word_1_80' title='bbox 1046 707 1097 739; x_wconf 85' lang='lat' dir='ltr'><strong>ut</strong></span> <span class='ocrx_word' id='word_1_81' title='bbox 1140 706 1420 755; x_wconf 85' lang='lat' dir='ltr'><strong>recuperaret</strong></span> 
     </span>
    </p>
   </div>
   <div class='ocr_carea' id='block_1_2' title="bbox 18 757 1418 885">
    <p class='ocr_par' dir='ltr' id='par_1_2' title="bbox 18 757 1418 885">
     <span class='ocr_line' id='line_1_11' title="bbox 19 757 1416 820; baseline -0.001 -16"><span class='ocrx_word' id='word_1_82' title='bbox 19 758 279 820; x_wconf 79' lang='lat' dir='ltr'><strong>dignitatem</strong></span> <span class='ocrx_word' id='word_1_83' title='bbox 320 757 600 811; x_wconf 81' lang='lat' dir='ltr'><strong>senatoriam,</strong></span> <span class='ocrx_word' id='word_1_84' title='bbox 655 767 898 818; x_wconf 64' lang='lat' dir='ltr'><strong>praetorem</strong></span> <span class='ocrx_word' id='word_1_85' title='bbox 943 767 1160 801; x_wconf 76' lang='lat' dir='ltr'><strong>creatum.</strong></span> <span class='ocrx_word' id='word_1_86' title='bbox 1229 758 1416 813; x_wconf 81' lang='lat' dir='ltr'><strong>Malim,</strong></span> 
     </span>
     <span class='ocr_line' id='line_1_12' title="bbox 18 819 1418 885; baseline 0 -17"><span class='ocrx_word' id='word_1_87' title='bbox 18 823 239 885; x_wconf 81' lang='lat' dir='ltr'><strong>quaestura</strong></span> <span class='ocrx_word' id='word_1_88' title='bbox 276 823 320 868; x_wconf 91' lang='lat' dir='ltr'><strong>in</strong></span> <span class='ocrx_word' id='word_1_89' title='bbox 358 839 463 872; x_wconf 87' lang='lat' dir='ltr'><strong>eum</strong></span> <span class='ocrx_word' id='word_1_90' title='bbox 515 822 691 875; x_wconf 85' lang='lat' dir='ltr'><strong>collata,</strong></span> <span class='ocrx_word' id='word_1_91' title='bbox 729 819 900 867; x_wconf 71' lang='lat' dir='ltr'><strong>factum</strong></span> <span class='ocrx_word' id='word_1_92' title='bbox 938 820 1024 866; x_wconf 88' lang='lat' dir='ltr'><strong>hoc</strong></span> <span class='ocrx_word' id='word_1_93' title='bbox 1059 822 1175 874; x_wconf 75' lang='lat' dir='ltr'><strong>effe3</strong></span> <span class='ocrx_word' id='word_1_94' title='bbox 1210 837 1264 868; x_wconf 92' lang='lat' dir='ltr'><strong>eo</strong></span> <span class='ocrx_word' id='word_1_95' title='bbox 1296 823 1418 868; x_wconf 87' lang='lat' dir='ltr'><strong>enim</strong></span> 
     </span>
    </p>
   </div>
   <div class='ocr_carea' id='block_1_3' title="bbox 18 882 1419 999">
    <p class='ocr_par' dir='ltr' id='par_1_3' title="bbox 18 882 1419 999">
     <span class='ocr_line' id='line_1_13' title="bbox 18 882 1419 950; baseline 0.001 -18"><span class='ocrx_word' id='word_1_96' title='bbox 18 887 272 949; x_wconf 80' lang='lat' dir='ltr'><strong>magistratu</strong></span> <span class='ocrx_word' id='word_1_97' title='bbox 308 900 458 950; x_wconf 87' lang='lat' dir='ltr'><strong>capto,</strong></span> <span class='ocrx_word' id='word_1_98' title='bbox 494 888 704 933; x_wconf 83' lang='lat' dir='ltr'><strong>Romana</strong></span> <span class='ocrx_word' id='word_1_99' title='bbox 730 882 949 947; x_wconf 85' lang='lat' dir='ltr'><strong>juventus</strong></span> <span class='ocrx_word' id='word_1_100' title='bbox 988 886 1320 948; x_wconf 75' lang='lat' dir='ltr'><strong>ingrediebatur</strong></span> <span class='ocrx_word' id='word_1_101' title='bbox 1355 887 1419 933; x_wconf 84' lang='lat' dir='ltr'><strong>se-</strong></span> 
     </span>
     <span class='ocr_line' id='line_1_14' title="bbox 18 964 184 999; baseline 0 0"><span class='ocrx_word' id='word_1_102' title='bbox 18 964 184 999; x_wconf 85' lang='lat' dir='ltr'><strong>natum.</strong></span> 
     </span>
    </p>
   </div>
   <div class='ocr_carea' id='block_1_4' title="bbox 15 1080 1420 1532">
    <p class='ocr_par' dir='ltr' id='par_1_4' title="bbox 15 1080 1420 1532">
     <span class='ocr_line' id='line_1_15' title="bbox 68 1080 1417 1143; baseline -0.001 -15"><span class='ocrx_word' id='word_1_103' title='bbox 68 1081 186 1133; x_wconf 85' lang='lat' dir='ltr'><strong>Hoc</strong></span> <span class='ocrx_word' id='word_1_104' title='bbox 209 1092 430 1143; x_wconf 86' lang='lat' dir='ltr'><strong>tempore,</strong></span> <span class='ocrx_word' id='word_1_105' title='bbox 467 1080 573 1129; x_wconf 83' lang='lat' dir='ltr'><strong>viris</strong></span> <span class='ocrx_word' id='word_1_106' title='bbox 597 1080 741 1129; x_wconf 62' lang='lat' dir='ltr'><strong>doctis</strong></span> <span class='ocrx_word' id='word_1_107' title='bbox 763 1080 947 1126; x_wconf 73' lang='lat' dir='ltr'><strong>&#39;videtur</strong></span> <span class='ocrx_word' id='word_1_108' title='bbox 982 1080 1191 1143; x_wconf 81' lang='lat' dir='ltr'><strong>scripfiffe</strong></span> <span class='ocrx_word' id='word_1_109' title='bbox 1223 1081 1280 1127; x_wconf 83' lang='lat' dir='ltr'><strong>ad</strong></span> <span class='ocrx_word' id='word_1_110' title='bbox 1314 1082 1417 1127; x_wconf 81' lang='lat' dir='ltr'><strong>Cae-</strong></span> 
     </span>
     <span class='ocr_line' id='line_1_16' title="bbox 17 1145 1419 1209; baseline 0 -17"><span class='ocrx_word' id='word_1_111' title='bbox 17 1146 149 1194; x_wconf 79' lang='lat' dir='ltr'><strong>sarem</strong></span> <span class='ocrx_word' id='word_1_112' title='bbox 173 1147 282 1192; x_wconf 86' lang='lat' dir='ltr'><strong>duas</strong></span> <span class='ocrx_word' id='word_1_113' title='bbox 305 1147 398 1192; x_wconf 79' lang='lat' dir='ltr'><strong>illas</strong></span> <span class='ocrx_word' id='word_1_114' title='bbox 422 1145 584 1202; x_wconf 83' lang='lat' dir='ltr'><strong>literas,</strong></span> <span class='ocrx_word' id='word_1_115' title='bbox 621 1161 725 1209; x_wconf 86' lang='lat' dir='ltr'><strong>quae</strong></span> <span class='ocrx_word' id='word_1_116' title='bbox 749 1161 984 1209; x_wconf 79' lang='lat' dir='ltr'><strong>perperam</strong></span> <span class='ocrx_word' id='word_1_117' title='bbox 1016 1147 1238 1193; x_wconf 87' lang='lat' dir='ltr'><strong>orationes</strong></span> <span class='ocrx_word' id='word_1_118' title='bbox 1267 1146 1419 1193; x_wconf 80' lang='lat' dir='ltr'><strong>inseri-</strong></span> 
     </span>
     <span class='ocr_line' id='line_1_17' title="bbox 16 1210 1417 1273; baseline 0 -15"><span class='ocrx_word' id='word_1_119' title='bbox 16 1211 195 1267; x_wconf 89' lang='lat' dir='ltr'><strong>buntur,</strong></span> <span class='ocrx_word' id='word_1_120' title='bbox 212 1213 279 1258; x_wconf 85' lang='lat' dir='ltr'><strong>De</strong></span> <span class='ocrx_word' id='word_1_121' title='bbox 299 1211 505 1273; x_wconf 80' lang='lat' dir='ltr'><strong>republzca</strong></span> <span class='ocrx_word' id='word_1_122' title='bbox 521 1211 763 1258; x_wconf 79' lang='lat' dir='ltr'><strong>ordinanda.</strong></span> <span class='ocrx_word' id='word_1_123' title='bbox 814 1210 902 1257; x_wconf 88' lang='lat' dir='ltr'><strong>Sed</strong></span> <span class='ocrx_word' id='word_1_124' title='bbox 925 1210 1187 1272; x_wconf 84' lang='lat' dir='ltr'><strong>posteriores</strong></span> <span class='ocrx_word' id='word_1_125' title='bbox 1211 1211 1417 1273; x_wconf 81' lang='lat' dir='ltr'><strong>quidem,</strong></span> 
     </span>
     <span class='ocr_line' id='line_1_18' title="bbox 16 1275 1420 1339; baseline 0 -16"><span class='ocrx_word' id='word_1_126' title='bbox 16 1276 98 1325; x_wconf 87' lang='lat' dir='ltr'><strong>hoc</strong></span> <span class='ocrx_word' id='word_1_127' title='bbox 133 1287 354 1339; x_wconf 89' lang='lat' dir='ltr'><strong>tempore,</strong></span> <span class='ocrx_word' id='word_1_128' title='bbox 402 1275 610 1339; x_wconf 73' lang='lat' dir='ltr'><strong>scripsisse</strong></span> <span class='ocrx_word' id='word_1_129' title='bbox 655 1276 839 1338; x_wconf 85' lang='lat' dir='ltr'><strong>potuit·</strong></span> <span class='ocrx_word' id='word_1_130' title='bbox 831 1311 845 1335; x_wconf 81' lang='lat'><strong>,</strong></span> <span class='ocrx_word' id='word_1_131' title='bbox 906 1288 951 1321; x_wconf 86' lang='lat' dir='ltr'><strong>at</strong></span> <span class='ocrx_word' id='word_1_132' title='bbox 994 1277 1163 1337; x_wconf 85' lang='lat' dir='ltr'><strong>priores</strong></span> <span class='ocrx_word' id='word_1_133' title='bbox 1208 1292 1299 1322; x_wconf 88' lang='lat' dir='ltr'><strong>non</strong></span> <span class='ocrx_word' id='word_1_134' title='bbox 1338 1277 1420 1323; x_wconf 85' lang='lat' dir='ltr'><strong>nisi</strong></span> 
     </span>
     <span class='ocr_line' id='line_1_19' title="bbox 15 1340 1418 1414; baseline -0.001 -27"><span class='ocrx_word' id='word_1_135' title='bbox 15 1340 346 1414; x_wconf 80' lang='lat' dir='ltr'><strong>propemodum</strong></span> <span class='ocrx_word' id='word_1_136' title='bbox 368 1340 575 1388; x_wconf 70' lang='lat' dir='ltr'><strong>confecto</strong></span> <span class='ocrx_word' id='word_1_137' title='bbox 592 1341 710 1387; x_wconf 88' lang='lat' dir='ltr'><strong>bello</strong></span> <span class='ocrx_word' id='word_1_138' title='bbox 733 1340 916 1402; x_wconf 80' lang='lat' dir='ltr'><strong>scripsit.</strong></span> <span class='ocrx_word' id='word_1_139' title='bbox 975 1340 1141 1387; x_wconf 80' lang='lat' dir='ltr'><strong>Malim</strong></span> <span class='ocrx_word' id='word_1_140' title='bbox 1166 1356 1276 1402; x_wconf 78' lang='lat' dir='ltr'><strong>ergo</strong></span> <span class='ocrx_word' id='word_1_141' title='bbox 1295 1340 1418 1387; x_wconf 83' lang='lat' dir='ltr'><strong>hasce</strong></span> 
     </span>
     <span class='ocr_line' id='line_1_20' title="bbox 15 1403 1419 1455; baseline 0.001 -4"><span class='ocrx_word' id='word_1_142' title='bbox 15 1405 222 1452; x_wconf 81' lang='lat' dir='ltr'><strong>differre</strong></span> <span class='ocrx_word' id='word_1_143' title='bbox 212 1423 257 1452; x_wconf 79' lang='lat' dir='ltr'><strong>in</strong></span> <span class='ocrx_word' id='word_1_144' title='bbox 281 1421 449 1452; x_wconf 87' lang='lat' dir='ltr'><strong>annum</strong></span> <span class='ocrx_word' id='word_1_145' title='bbox 471 1422 672 1455; x_wconf 82' lang='lat' dir='ltr'><strong>Dccvrr</strong></span> <span class='ocrx_word' id='word_1_146' title='bbox 710 1418 785 1451; x_wconf 88' lang='lat' dir='ltr'><strong>aut</strong></span> <span class='ocrx_word' id='word_1_147' title='bbox 821 1417 938 1451; x_wconf 85' lang='lat' dir='ltr'><strong>certe</strong></span> <span class='ocrx_word' id='word_1_148' title='bbox 961 1403 1016 1450; x_wconf 89' lang='lat' dir='ltr'><strong>ad</strong></span> <span class='ocrx_word' id='word_1_149' title='bbox 1043 1404 1181 1452; x_wconf 80' lang='lat' dir='ltr'><strong>finem</strong></span> <span class='ocrx_word' id='word_1_150' title='bbox 1205 1407 1307 1451; x_wconf 78' lang='lat' dir='ltr'><strong>anni</strong></span> <span class='ocrx_word' id='word_1_151' title='bbox 1342 1423 1419 1453; x_wconf 82' lang='lat' dir='ltr'><strong>an-</strong></span> 
     </span>
     <span class='ocr_line' id='line_1_21' title="bbox 15 1467 1095 1532; baseline -0.001 -16"><span class='ocrx_word' id='word_1_152' title='bbox 15 1470 269 1527; x_wconf 87' lang='lat' dir='ltr'><strong>tecedentis,</strong></span> <span class='ocrx_word' id='word_1_153' title='bbox 305 1487 410 1518; x_wconf 89' lang='lat' dir='ltr'><strong>cum</strong></span> <span class='ocrx_word' id='word_1_154' title='bbox 436 1471 582 1517; x_wconf 71' lang='grc' dir='ltr'>νίἑὶυε</span> <span class='ocrx_word' id='word_1_155' title='bbox 605 1469 708 1517; x_wconf 83' lang='lat' dir='ltr'><strong>effet</strong></span> <span class='ocrx_word' id='word_1_156' title='bbox 730 1470 814 1516; x_wconf 88' lang='lat' dir='ltr'><strong>Cn.</strong></span> <span class='ocrx_word' id='word_1_157' title='bbox 833 1467 1095 1532; x_wconf 86' lang='lat' dir='ltr'><strong>Pompejus.</strong></span> 
     </span>
    </p>
   </div>
   <div class='ocr_carea' id='block_1_5' title="bbox 0 1600 1421 2243">
    <p class='ocr_par' dir='ltr' id='par_1_5' title="bbox 0 1600 1421 2243">
     <span class='ocr_line' id='line_1_22' title="bbox 77 1600 1421 1662; baseline 0 -15"><span class='ocrx_word' id='word_1_158' title='bbox 77 1601 224 1662; x_wconf 82' lang='lat' dir='ltr'><strong>Igitur</strong></span> <span class='ocrx_word' id='word_1_159' title='bbox 247 1600 326 1648; x_wconf 87' lang='lat' dir='ltr'><strong>sub</strong></span> <span class='ocrx_word' id='word_1_160' title='bbox 365 1601 499 1646; x_wconf 86' lang='lat' dir='ltr'><strong>finem</strong></span> <span class='ocrx_word' id='word_1_161' title='bbox 526 1600 600 1660; x_wconf 79' lang='lat' dir='ltr'><strong>(b)</strong></span> <span class='ocrx_word' id='word_1_162' title='bbox 623 1601 726 1647; x_wconf 83' lang='lat' dir='ltr'><strong>anni.</strong></span> <span class='ocrx_word' id='word_1_163' title='bbox 758 1616 930 1646; x_wconf 84' lang='lat' dir='ltr'><strong>Dccvr.</strong></span> <span class='ocrx_word' id='word_1_164' title='bbox 967 1616 1075 1645; x_wconf 87' lang='lat' dir='ltr'><strong>cum</strong></span> <span class='ocrx_word' id='word_1_165' title='bbox 1110 1600 1156 1645; x_wconf 85' lang='lat' dir='ltr'><strong>in</strong></span> <span class='ocrx_word' id='word_1_166' title='bbox 1178 1600 1287 1646; x_wconf 78' lang='lat' dir='ltr'><strong>Asia</strong></span> <span class='ocrx_word' id='word_1_167' title='bbox 1316 1600 1421 1647; x_wconf 81' lang='lat' dir='ltr'><strong>efl&#39;et</strong></span> 
     </span>
     <span class='ocr_line' id='line_1_23' title="bbox 13 1664 1419 1729; baseline 0 -18"><span class='ocrx_word' id='word_1_168' title='bbox 13 1665 177 1721; x_wconf 83' lang='lat' dir='ltr'><strong>Caesar,</strong></span> <span class='ocrx_word' id='word_1_169' title='bbox 215 1664 273 1711; x_wconf 87' lang='lat' dir='ltr'><strong>ab</strong></span> <span class='ocrx_word' id='word_1_170' title='bbox 291 1666 342 1711; x_wconf 90' lang='lat' dir='ltr'><strong>iis</strong></span> <span class='ocrx_word' id='word_1_171' title='bbox 367 1669 435 1725; x_wconf 77' lang='lat' dir='ltr'><strong>(c)</strong></span> <span class='ocrx_word' id='word_1_172' title='bbox 459 1668 538 1729; x_wconf 89' lang='lat' dir='ltr'><strong>qui</strong></span> <span class='ocrx_word' id='word_1_173' title='bbox 563 1668 715 1713; x_wconf 86' lang='lat' dir='ltr'><strong>Roma</strong></span> <span class='ocrx_word' id='word_1_174' title='bbox 736 1665 792 1711; x_wconf 87' lang='lat' dir='ltr'><strong>ad</strong></span> <span class='ocrx_word' id='word_1_175' title='bbox 814 1681 920 1726; x_wconf 86' lang='lat' dir='ltr'><strong>eum</strong></span> <span class='ocrx_word' id='word_1_176' title='bbox 942 1678 1155 1711; x_wconf 85' lang='lat' dir='ltr'><strong>venerant</strong></span> <span class='ocrx_word' id='word_1_177' title='bbox 1177 1667 1419 1727; x_wconf 77' lang='lat' dir='ltr'><strong>cognovit,</strong></span> 
     </span>
     <span class='ocr_line' id='line_1_24' title="bbox 12 1729 1415 1792; baseline -0.001 -16"><span class='ocrx_word' id='word_1_178' title='bbox 12 1729 235 1792; x_wconf 80' lang='lat' dir='ltr'><strong>literisque</strong></span> <span class='ocrx_word' id='word_1_179' title='bbox 266 1730 444 1776; x_wconf 84' lang='lat' dir='ltr'><strong>urbanis</strong></span> <span class='ocrx_word' id='word_1_180' title='bbox 481 1731 814 1787; x_wconf 82' lang='lat' dir='ltr'><strong>animadvertit,</strong></span> <span class='ocrx_word' id='word_1_181' title='bbox 852 1730 996 1776; x_wconf 85' lang='lat' dir='ltr'><strong>multa</strong></span> <span class='ocrx_word' id='word_1_182' title='bbox 1027 1732 1196 1776; x_wconf 81' lang='lat' dir='ltr'><strong>Romae</strong></span> <span class='ocrx_word' id='word_1_183' title='bbox 1227 1730 1342 1775; x_wconf 88' lang='lat' dir='ltr'><strong>male</strong></span> <span class='ocrx_word' id='word_1_184' title='bbox 1367 1731 1415 1775; x_wconf 73' lang='grc' dir='ltr'><strong>δε</strong></span> 
     </span>
     <span class='ocr_line' id='line_1_25' title="bbox 11 1793 1418 1858; baseline 0.001 -19"><span class='ocrx_word' id='word_1_185' title='bbox 11 1794 226 1841; x_wconf 86' lang='lat' dir='ltr'><strong>inutiliter</strong></span> <span class='ocrx_word' id='word_1_186' title='bbox 247 1794 557 1852; x_wconf 83' lang='lat' dir='ltr'><strong>administrari,</strong></span> <span class='ocrx_word' id='word_1_187' title='bbox 594 1812 738 1858; x_wconf 85' lang='lat' dir='ltr'><strong>neque</strong></span> <span class='ocrx_word' id='word_1_188' title='bbox 772 1796 913 1843; x_wconf 83' lang='lat' dir='ltr'><strong>ullam</strong></span> <span class='ocrx_word' id='word_1_189' title='bbox 950 1808 1124 1857; x_wconf 80' lang='lat' dir='ltr'><strong>partem</strong></span> <span class='ocrx_word' id='word_1_190' title='bbox 1155 1793 1418 1855; x_wconf 63' lang='lat' dir='ltr'><strong>reipublicae</strong></span> 
     </span>
     <span class='ocr_line' id='line_1_26' title="bbox 0 1858 1419 1923; baseline -0.001 -19"><span class='ocrx_word' id='word_1_191' title='bbox 0 1858 110 1905; x_wconf 73' lang='lat' dir='ltr'><strong>rsatis</strong></span> <span class='ocrx_word' id='word_1_192' title='bbox 132 1859 376 1906; x_wconf 89' lang='lat' dir='ltr'><strong>commode</strong></span> <span class='ocrx_word' id='word_1_193' title='bbox 400 1862 494 1921; x_wconf 82' lang='lat' dir='ltr'><strong>geri</strong></span> <span class='ocrx_word' id='word_1_194' title='bbox 515 1882 528 1915; x_wconf 89' lang='lat'>;</span> <span class='ocrx_word' id='word_1_195' title='bbox 563 1861 689 1923; x_wconf 86' lang='lat' dir='ltr'><strong>quod</strong></span> <span class='ocrx_word' id='word_1_196' title='bbox 716 1862 764 1908; x_wconf 83' lang='lat'>&amp;</span> <span class='ocrx_word' id='word_1_197' title='bbox 791 1860 1152 1907; x_wconf 84' lang='lat' dir='ltr'><strong>contentionibus</strong></span> <span class='ocrx_word' id='word_1_198' title='bbox 1174 1858 1419 1905; x_wconf 80' lang='lat' dir='ltr'><strong>tribunitiis</strong></span> 
     </span>
     <span class='ocr_line' id='line_1_27' title="bbox 13 1923 1418 1986; baseline -0.001 -16"><span class='ocrx_word' id='word_1_199' title='bbox 13 1924 271 1986; x_wconf 87' lang='lat' dir='ltr'><strong>perniciosae</strong></span> <span class='ocrx_word' id='word_1_200' title='bbox 305 1924 537 1971; x_wconf 85' lang='lat' dir='ltr'><strong>seditiones</strong></span> <span class='ocrx_word' id='word_1_201' title='bbox 560 1923 797 1981; x_wconf 83' lang='lat' dir='ltr'><strong>orirentur,</strong></span> <span class='ocrx_word' id='word_1_202' title='bbox 835 1926 882 1972; x_wconf 72' lang='grc' dir='ltr'><strong>δε</strong></span> <span class='ocrx_word' id='word_1_203' title='bbox 908 1924 1152 1970; x_wconf 80' lang='lat' dir='ltr'><strong>ambitione</strong></span> <span class='ocrx_word' id='word_1_204' title='bbox 1181 1937 1315 1986; x_wconf 79' lang='lat' dir='ltr'><strong>atque</strong></span> <span class='ocrx_word' id='word_1_205' title='bbox 1351 1925 1418 1968; x_wconf 74' lang='lat' dir='ltr'><strong>in-</strong></span> 
     </span>
     <span class='ocr_line' id='line_1_28' title="bbox 13 1988 1419 2051; baseline -0.001 -16"><span class='ocrx_word' id='word_1_206' title='bbox 13 1988 246 2050; x_wconf 83' lang='lat' dir='ltr'><strong>dulgentia</strong></span> <span class='ocrx_word' id='word_1_207' title='bbox 267 1989 553 2036; x_wconf 87' lang='lat' dir='ltr'><strong>tribunorum</strong></span> <span class='ocrx_word' id='word_1_208' title='bbox 580 1992 796 2045; x_wconf 87' lang='lat' dir='ltr'><strong>militum,</strong></span> <span class='ocrx_word' id='word_1_209' title='bbox 835 1991 883 2035; x_wconf 85' lang='lat'>&amp;</span> <span class='ocrx_word' id='word_1_210' title='bbox 911 1991 989 2051; x_wconf 88' lang='lat' dir='ltr'><strong>qui</strong></span> <span class='ocrx_word' id='word_1_211' title='bbox 1025 1989 1276 2050; x_wconf 79' lang='lat' dir='ltr'><strong>legionibus</strong></span> <span class='ocrx_word' id='word_1_212' title='bbox 1300 2003 1419 2050; x_wconf 76' lang='lat' dir='ltr'><strong>prae-</strong></span> 
     </span>
     <span class='ocr_line' id='line_1_29' title="bbox 14 2051 1420 2116; baseline -0.001 -17"><span class='ocrx_word' id='word_1_213' title='bbox 14 2051 151 2110; x_wconf 79' lang='lat' dir='ltr'><strong>erant,</strong></span> <span class='ocrx_word' id='word_1_214' title='bbox 189 2055 332 2102; x_wconf 83' lang='lat' dir='ltr'><strong>multa</strong></span> <span class='ocrx_word' id='word_1_215' title='bbox 366 2068 521 2101; x_wconf 86' lang='lat' dir='ltr'><strong>contra</strong></span> <span class='ocrx_word' id='word_1_216' title='bbox 554 2071 729 2101; x_wconf 86' lang='lat' dir='ltr'><strong>morem</strong></span> <span class='ocrx_word' id='word_1_217' title='bbox 771 2054 1230 2116; x_wconf 81' lang='lat' dir='ltr'><strong>consuetudinemque</strong></span> <span class='ocrx_word' id='word_1_218' title='bbox 1256 2054 1420 2099; x_wconf 74' lang='lat' dir='ltr'><strong>milita-</strong></span> 
     </span>
     <span class='ocr_line' id='line_1_30' title="bbox 17 2117 1419 2182; baseline 0.001 -20"><span class='ocrx_word' id='word_1_219' title='bbox 17 2131 111 2163; x_wconf 88' lang='lat' dir='ltr'><strong>rem</strong></span> <span class='ocrx_word' id='word_1_220' title='bbox 148 2119 321 2176; x_wconf 89' lang='lat' dir='ltr'><strong>fierent,</strong></span> <span class='ocrx_word' id='word_1_221' title='bbox 367 2135 471 2182; x_wconf 83' lang='lat' dir='ltr'><strong>quae</strong></span> <span class='ocrx_word' id='word_1_222' title='bbox 512 2119 803 2167; x_wconf 82' lang='lat' dir='ltr'><strong>diffolvendae</strong></span> <span class='ocrx_word' id='word_1_223' title='bbox 847 2118 1112 2181; x_wconf 81' lang='lat' dir='ltr'><strong>disciplinae,</strong></span> <span class='ocrx_word' id='word_1_224' title='bbox 1159 2117 1419 2164; x_wconf 84' lang='lat' dir='ltr'><strong>severitatis-</strong></span> 
     </span>
     <span class='ocr_line' id='line_1_31' title="bbox 17 2183 1419 2243; baseline 0 -16"><span class='ocrx_word' id='word_1_225' title='bbox 17 2196 105 2243; x_wconf 89' lang='lat' dir='ltr'><strong>que</strong></span> <span class='ocrx_word' id='word_1_226' title='bbox 137 2184 282 2231; x_wconf 84' lang='lat' dir='ltr'><strong>effent.</strong></span> <span class='ocrx_word' id='word_1_227' title='bbox 352 2185 488 2231; x_wconf 85' lang='lat' dir='ltr'><strong>Hanc</strong></span> <span class='ocrx_word' id='word_1_228' title='bbox 527 2185 794 2234; x_wconf 86' lang='lat' dir='ltr'><strong>crediderim</strong></span> <span class='ocrx_word' id='word_1_229' title='bbox 833 2184 1111 2232; x_wconf 82' lang='lat' dir='ltr'><strong>occasionem</strong></span> <span class='ocrx_word' id='word_1_230' title='bbox 1152 2183 1277 2229; x_wconf 83' lang='lat' dir='ltr'><strong>fuiffe</strong></span> <span class='ocrx_word' id='word_1_231' title='bbox 1315 2183 1419 2228; x_wconf 83' lang='lat' dir='ltr'><strong>scri-</strong></span> 
     </span>
    </p>
   </div>
   <div class='ocr_carea' id='block_1_6' title="bbox 18 2395 1419 2505">
    <p class='ocr_par' dir='ltr' id='par_1_6' title="bbox 18 2395 1419 2505">
     <span class='ocr_line' id='line_1_32' title="bbox 72 2395 1419 2449; baseline -0.006 -6"><span class='ocrx_word' id='word_1_232' title='bbox 72 2395 209 2443; x_wconf 77' lang='grc' dir='ltr'><strong>(α)Α</strong></span> <span class='ocrx_word' id='word_1_233' title='bbox 231 2399 276 2436; x_wconf 90' lang='lat' dir='ltr'><strong>C.</strong></span> <span class='ocrx_word' id='word_1_234' title='bbox 295 2399 348 2437; x_wconf 93' lang='lat' dir='ltr'><strong>N.</strong></span> <span class='ocrx_word' id='word_1_235' title='bbox 368 2414 485 2438; x_wconf 75' lang='lat' dir='ltr'><strong>xmx.</strong></span> <span class='ocrx_word' id='word_1_236' title='bbox 520 2401 579 2439; x_wconf 90' lang='lat' dir='ltr'><strong>Id.</strong></span> <span class='ocrx_word' id='word_1_237' title='bbox 598 2412 630 2438; x_wconf 79' lang='lat' dir='ltr'><strong>c·</strong></span> <span class='ocrx_word' id='word_1_238' title='bbox 654 2413 691 2449; x_wconf 91' lang='lat'><strong>7.</strong></span> <span class='ocrx_word' id='word_1_239' title='bbox 749 2398 890 2448; x_wconf 74' lang='lat' dir='ltr'><strong>(bJA.</strong></span> <span class='ocrx_word' id='word_1_240' title='bbox 908 2402 955 2441; x_wconf 90' lang='lat' dir='ltr'><strong>C.</strong></span> <span class='ocrx_word' id='word_1_241' title='bbox 972 2402 1026 2440; x_wconf 92' lang='lat' dir='ltr'><strong>N.</strong></span> <span class='ocrx_word' id='word_1_242' title='bbox 1050 2414 1187 2439; x_wconf 64' lang='lat' dir='ltr'><strong>xtvii.</strong></span> <span class='ocrx_word' id='word_1_243' title='bbox 1244 2398 1419 2449; x_wconf 85' lang='lat' dir='ltr'><strong>(c)Hir-</strong></span> 
     </span>
     <span class='ocr_line' id='line_1_33' title="bbox 18 2445 648 2505; baseline 0.011 -21"><span class='ocrx_word' id='word_1_244' title='bbox 18 2445 92 2488; x_wconf 78' lang='lat' dir='ltr'><strong>,tius</strong></span> <span class='ocrx_word' id='word_1_245' title='bbox 112 2448 159 2486; x_wconf 88' lang='lat' dir='ltr'><strong>de</strong></span> <span class='ocrx_word' id='word_1_246' title='bbox 180 2449 256 2488; x_wconf 92' lang='lat' dir='ltr'><strong>Bel.</strong></span> <span class='ocrx_word' id='word_1_247' title='bbox 279 2452 464 2498; x_wconf 75' lang='lat' dir='ltr'><strong>Alexand.</strong></span> <span class='ocrx_word' id='word_1_248' title='bbox 484 2466 568 2504; x_wconf 89' lang='lat' dir='ltr'><strong>cap</strong></span> <span class='ocrx_word' id='word_1_249' title='bbox 586 2454 648 2505; x_wconf 77' lang='lat'><strong>65.</strong></span> 
     </span>
    </p>
   </div>
   <div class='ocr_carea' id='block_1_7' title="bbox 1288 2609 1421 2657">
    <p class='ocr_par' dir='ltr' id='par_1_7' title="bbox 1288 2609 1421 2657">
     <span class='ocr_line' id='line_1_34' title="bbox 1288 2609 1421 2657; baseline -0.008 -1"><span class='ocrx_word' id='word_1_250' title='bbox 1288 2609 1421 2657; x_wconf 81' lang='lat' dir='ltr'><strong>bendi</strong></span> 
     </span>
    </p>
   </div>
  </div>
 </body>
</html>
