1666 2946
171 117 312 162 xxxiv
418 118 464 165 c.
520 125 826 172 CRISPI
883 123 1349 172 SALLUSTJJ
1627 96 1639 101 ‚,

168 196 201 242 fi
226 193 479 258 fragmenta
514 200 730 262 quaedam
764 201 977 264 excipias,
1014 217 1120 263 quae
1157 213 1309 250 tamen
1345 202 1408 249 sat
1436 203 1589 266 ampla
1638 219 1653 228 ·’

168 261 226 307 ad
249 275 344 309 nos'
362 278 680 324 pervenerunt,
715 278 767 311 ut
790 281 845 312 ex
876 268 926 312 iis
950 266 1200 328 intelligere
1228 271 1464 331 poffimus,
1499 283 1631 314 nonu«

171 328 321 374 minus
353 341 558 375 accurate
597 345 647 375 ac
686 342 831 376 cetera
866 330 1166 394 perscriptum
1199 331 1338 381 fuisse.
1408 331 1496 379 Sed
1515 335 1602 394 (a)
1632 336 1651 387 g*

169 393 283 439 mihi
313 394 472 439 videor
503 411 559 440 ex
592 396 696 440 loco
720 395 911 443 Ausonii
948 397 1071 460 pofl'e
1110 397 1330 460 colligere
1361 410 1590 461 tempora,
1622 400 1654 448 li

170 464 371 520 quorum
395 457 625 505 historiam
663 458 891 523 scripserat
921 462 1169 518 SallustiuS,
1207 464 1252 509 in
1284 465 1336 510 iis
1366 463 1489 509 libris
1512 464 1594 526 qui
1620 460 1655 546 Q

166 525 411 587 perierunt.
497 524 729 571 Ausonius
768 525 814 571 in
858 528 1018 589 idyllio
1059 544 1225 579 xxxu.
1258 528 1315 576 ad
1355 539 1590 591 nepotem,
1629 535 1649 590 (ζ-

169 590 304 634 docet
341 603 555 653 puerum,
592 606 708 653 quos
747 590 885 637 libros
929 593 1075 654 legere
1115 610 1221 640 eum
1268 605 1493 658 oporteat,
1540 593 1591 639 &
1638 611 1651 635 τ

172 668 289 715 quos
312 655 404 718 ipse
434 656 479 701 in
511 659 704 718 gratiam
728 654 825 718 ejus
854 658 899 703 in
935 673 1122 704 manum
1146 661 1311 706 iterum
1339 659 1512 705 sumere
1541 656 1596 703 fit
1632 646 1651 710 ἶ

171 733 367 781 paratus.
436 722 594 784 Itaque
634 735 889 769 memorato
924 723 1159 779 Terentio,
1206 725 1266 771 fic
1301 725 1505 789 loquitur
1538 721 1597 772 de
1624 713 1651 782 Ρ(-

172 784 541 834 Sallustiilibris:
1572 814 1576 818 ·
1620 759 1658 843 ⁴⁴

239 854 346 915 Jam
357 851 545 913 facinus,
581 852 781 910 Catilina,
817 866 950 910 tuum,
986 853 1213 917 Lepidique
1235 854 1454 902 tumultum
1477 875 1495 910 ·,

166 918 168 920 ’
238 919 307 966 Ab
331 916 487 979 Lepido
509 918 562 966 &
587 917 734 965 Catulo
753 921 856 983 jam
873 936 935 966 res
957 919 1010 967 δέ
1034 929 1216 980 tempora
1233 922 1378 968 Romae
1544 923 1546 925 ’

238 984 386 1044 Orsus,
421 982 482 1029 bis
493 985 612 1043 senos
625 984 772 1046 seriem
794 990 977 1032 conneblo
992 996 1071 1046 per
1092 1000 1231 1032 annos.

240 1051 344 1111 Jcmz
363 1049 447 1111 lego
469 1049 587 1095 civili
607 1047 763 1109 mistum
786 1053 992 1099 Mavorte
1012 1049 1204 1106 duellum,
1567 1077 1569 1079 ·
1641 1070 1648 1079 ‘¹

240 1117 391 1163 Movit
413 1114 518 1176 quod
534 1115 644 1177 socio
668 1116 868 1164 Sertorius
891 1115 1002 1180 exsul
1022 1114 1152 1162 Ibero.
1630 1123 1649 1166 ἐν

243 1246 369 1293 Haec
395 1245 495 1291 sunt
532 1248 688 1293 omnia
725 1263 863 1309 opera
901 1246 1113 1302 Sallustii,
1150 1256 1342 1310 excepto
1376 1245 1496 1294 bello
1519 1248 1606 1308 Ju-
1638 1252 1640 1254 ’

182 1312 418 1378 gurthino,
454 1312 582 1374 quod
617 1327 698 1357 cur
735 1311 935 1358 omiserit
971 1312 1220 1369 Ausonius,
1257 1328 1349 1359 non
1385 1312 1607 1378 intelligo.

183 1382 321 1427 Forte
360 1377 535 1438 aliquot
579 1375 731 1423 versus
776 1376 995 1422 vetustate
1039 1377 1374 1425 interciderunt.
1443 1393 1478 1424 1.
1512 1380 1608 1425 Oc-

183 1446 325 1492 currit
349 1444 521 1490 bellum
547 1441 882 1498 Catilinarium,
920 1442 976 1488 cle
1000 1458 1093 1504 quo
1123 1442 1232 1488 nihil
1265 1443 1431 1490 necesse
1453 1443 1516 1489 est
1538 1443 1608 1490 di·
1633 1467 1643 1480 ν

185 1526 296 1557 cere.
369 1525 427 1556 11.
465 1509 671 1556 Historia
692 1509 920 1554 tumultus
953 1508 1135 1554 excitati
1169 1523 1193 1552 a
1226 1508 1390 1555 Marco
1413 1508 1610 1556 AEmilio
1642 1528 1643 1531 ¹

185 1575 387 1638 Lepido,
435 1591 552 1620 anno
596 1573 720 1619 urbis
766 1574 964 1620 conditae
1012 1588 1318 1620 Dchxxvn.
1365 1573 1608 1638 postquam
1648 1606 1649 1609 =

184 1658 304 1688 anno
328 1640 544 1702 superiori
575 1638 729 1685 consul
770 1639 946 1686 fuisset:
985 1640 1020 1684 is
1056 1639 1283 1684 tumultus
1318 1654 1343 1685 a
1384 1638 1610 1703 Pompejo

187 1709 235 1754 &
261 1707 428 1752 Catulo
458 1705 692 1768 oppressus
726 1704 805 1761 est,
842 1704 1005 1751 eodem
1041 1720 1173 1750 anno.
1246 1718 1333 1751 111.
1366 1704 1478 1752 Inde
1503 1705 1613 1751 Sal-

186 1772 344 1819 lustius
369 1771 597 1834 scripserat
620 1769 849 1816 historiam
874 1785 1025 1816 rerum
1052 1771 1097 1815 in
1133 1767 1364 1832 republica
1396 1771 1610 1816 Romana

186 1855 268 1902 per
289 1837 535 1884 duodecim
555 1851 694 1882 annos
717 1835 962 1898 gestarum,
999 1847 1100 1882 ante
1125 1834 1294 1897 Lepidi
1316 1836 1571 1882 tumultum
1594 1857 1609 1889 -,
1628 1844 1645 1868 a

187 1919 386 1967 quorum
413 1903 659 1948 duodecim
683 1917 907 1948 annorum
931 1902 1112 1947 initium
1147 1900 1330 1946 fecerim
1355 1900 1532 1947 circiter
1553 1899 1611 1946 ab
1627 1925 1643 1942 «ι,

188 1985 308 2015 anno
330 1970 390 2014 U.
408 1968 458 2012 C.
485 1982 705 2014 ochr11.
725 1983 819 2030 quo
841 1967 1014 2013 bellum
1036 1966 1287 2012 Marficum
1313 1965 1575 2012 inchoatum
1596 1987 1611 2020 ·,
1645 2016 1650 2027 ζ

189 2035 246 2080 ab
269 2051 323 2080 eo
357 2035 477 2079 enim
512 2046 737 2095 tempore,
776 2032 916 2096 usque
956 2032 1012 2078 ad
1052 2043 1302 2078 extremam
1338 2030 1609 2077 dictaturam

190 2099 346 2155 Sullee,
384 2098 629 2144 duodecim
653 2099 828 2145 circiter
850 2099 953 2144 armi
977 2098 1215 2143 fluxerunt.
1281 2096 1436 2143 Multa
1458 2109 1628 2142 autem>

191 2165 483 2211 inveniuntur
517 2163 773 2224 fragmenta
795 2162 1003 2219 Sallustii,
1040 2178 1098 2208 ex
1129 2161 1295 2224 quibus
1329 2161 1471 2224 liquet
1505 2176 1612 2208 eum

149 2238 152 2239 ’
191 2246 263 2276 res
287 2247 310 2275 a
335 2230 459 2276 Sulla
487 2229 630 2291 gestas
660 2228 871 2292 scripfiffe
892 2251 913 2284 3-
942 2244 1047 2291 quae
1083 2243 1133 2272 ea
1166 2227 1388 2290 temporis
1420 2228 1611 2273 interca-
1637 2238 1641 2242 ⁴

192 2296 357 2359 pedine
402 2297 703 2341 continentur.
789 2309 857 2338 1v.
899 2293 1077 2340 Bellum
1121 2291 1349 2354 scripserat
1395 2294 1648 2339 Sertoria-L2

192 2377 323 2416 num,
360 2360 485 2423 quod
509 2371 713 2422 coeperat
736 2358 816 2405 sub
837 2359 976 2405 finem
1000 2359 1110 2403 vitae
1131 2358 1286 2412 Sullae,
1314 2359 1614 2420 proximeque
1643 2362 1654 2367 ”

191 2426 437 2472 duodecim
474 2441 613 2470 armos
649 2437 926 2471 memoratos
964 2423 1356 2485 consequebatur3
1394 2422 1614 2470 Metellus
1642 2453 1666 2458 „

192 2493 383 2539 enimin
418 2490 689 2553 Hispaniam
726 2503 882 2536 contra
918 2489 1165 2535 Sertorium
1208 2488 1361 2534 miffus
1396 2487 1459 2535 est
1496 2501 1649 2566 anno)¹

487 2622 560 2670 (a)
591 2619 791 2660 Suetonius
814 2619 859 2660 de
880 2619 944 2658 Ill.
968 2619 1146 2658 Gramm.
1178 2631 1262 2671 cap.
1286 2632 1325 2657 x.

1471 2708 1652 2785 ω
