1666 2946
429 113 474 159 V
602 113 624 159 Ι
754 111 800 157 Τ
929 114 991 159 A.
1287 132 1412 165 xxxv

10 180 413 242 U.C.nc1„xx'1v.
449 190 528 252 qui
563 187 807 234 duodecim
846 186 1030 235 illorum
1075 207 1296 244 annorum
1342 202 1411 247 ul-

9 261 149 306 timus
173 256 269 302 fuit.
335 255 379 300 Si
409 270 460 301 ea
493 253 671 307 historia
703 253 758 299 ad
782 267 981 317 receptas
1011 255 1149 319 usque
1171 259 1414 324 Hispanias

9 334 210 388 pertexta
236 319 313 376 est,
351 319 478 382 quod
510 317 721 365 credibile
759 318 957 376 videtur,
991 323 1207 383 pertinuit
1247 328 1302 372 ad
1337 345 1415 375 an-

10 404 121 440 num
146 400 383 434 DCLXXXI.
419 401 522 431 nam
548 400 601 430 eo
640 383 830 429 demum
866 401 1000 441 anno,
1035 388 1188 435 occisis
1217 392 1415 442 Sertorio

9 453 318 514 &Perperna‚
353 462 524 512 pacatae
548 449 648 496 sunt
670 448 922 511 Hispaniae.

58 581 198 628 ,Hinc
223 581 430 628 videmus
463 580 675 642 quamvis
699 577 929 626 Sallustius
961 584 1151 645 carptim
1184 585 1416 649 scripfiffet

8 646 232 694 historiam
256 649 534 700 Romanam,
571 661 651 689 nee
676 645 888 689 continua
920 657 1182 709 temporum
1215 651 1320 697 serie
1342 654 1412 698 lu-

9 710 285 767 cubrationes
308 710 403 756 suas
426 710 643 765 edidiffet,
681 724 735 753 ex
752 708 893 754 tribus
922 711 1154 771 postremo
1187 730 1412 763 memora-

9 778 61 824 tis
98 776 309 838 operibus
343 775 534 838 potuisse
568 774 746 820 contexi
785 774 959 819 circiter
988 778 1244 824 octodecim
1274 797 1414 828 anno·

10 857 106 889 rum
132 841 359 897 historiam
380 861 394 894 3
430 855 533 902 quae
556 839 729 883 utinam
755 836 853 883 sane
875 841 1066 887 extaret!
1138 845 1413 907 Fragmenta

11 908 137 953 :nim-
168 905 262 968 ejus
306 904 423 951 fitim
477 901 672 949 nostram
718 904 928 958 excitant,
982 922 1071 963 non
1118 908 1415 972 restinguunt.

11 972 76 1018 Hi
105 981 254 1018 autem
285 969 403 1024 libri,
439 969 650 1031 quamvis
682 968 738 1014 ab
776 968 955 1015 auctore
989 988 1043 1017 eo
1066 973 1238 1030 ordine,
1274 992 1414 1038 quem

11 1048 229 1083 memorat
252 1034 495 1089 AusoniuS,
531 1033 657 1089 editi,
693 1033 906 1079 videntur
929 1035 1080 1097 postea
1102 1054 1126 1082 a
1148 1042 1416 1100 grammati-

12 1102 67 1147 cis
91 1102 136 1148 in
158 1101 364 1147 ordinem
382 1099 629 1161 quemdam
655 1097 836 1154 redacti,
875 1112 926 1144 ut
959 1116 1013 1146 ex
1037 1103 1179 1148 tribus
1203 1106 1415 1168 operibus

12 1181 94 1212 una
115 1166 383 1212 conflaretur
405 1163 599 1220 historia,
636 1163 827 1225 librique
849 1163 944 1226 ejus
965 1180 1185 1228 perpetuo
1209 1170 1367 1216 ordine
1391 1188 1416 1216 a

12 1231 157 1293 primo
185 1230 242 1276 ad
271 1229 489 1276 ultimum
513 1228 814 1284 decurrerent,
851 1232 1228 1295 commodiusque
1252 1235 1307 1280 ad
1330 1235 1416 1281 tes-

13 1295 248 1342 :imonium
266 1296 519 1341 citarentur.
586 1293 767 1339 Asinius
792 1294 958 1349 Pollio,
995 1296 1040 1340 in
1065 1298 1179 1344 libro
1203 1315 1296 1362 quo
1321 1300 1414 1346 Sal-

13 1360 122 1406 lustii
145 1359 306 1422 scripta
328 1358 686 1422 reprehenderat,
723 1371 772 1403 ut
803 1359 942 1404 nimia
976 1361 1226 1422 priscorum
1253 1365 1414 1412 verbo-

13 1441 108 1470 rum
133 1424 428 1471 adfectatione
451 1425 606 1478 oblita,
642 1423 862 1478 tradebat,
898 1426 948 1470 In
976 1441 1062 1471 eam
1095 1444 1177 1473 rem
1210 1429 1415 1491 adjutori-

13 1506 71 1536 um
108 1491 144 1536 ei
168 1489 306 1552 feciffi’
338 1491 510 1535 maxime
546 1488 737 1550 quendam
777 1491 957 1535 Afteium
990 1492 1308 1549 Praetextutum,
1345 1512 1416 1541 no-

13 1554 121 1601 bilem
151 1556 466 1615 grammaticum
503 1555 719 1607 Latinum,
766 1552 1076 1602 declamantium
1114 1557 1250 1605 deiude
1293 1561 1416 1622 adju-

13 1630 132 1665 torem
175 1630 294 1681 atque
329 1629 630 1679 praeceptorem.
700 1618 778 1663 Ab
819 1618 906 1663 hoc
961 1620 1119 1678 aiebat,
1167 1624 1416 1683 Sallustium,

12 1683 212 1743 btstoriam
234 1684 413 1746 scribere
445 1681 683 1745 uggrcffum,
718 1683 926 1729 breviario
959 1700 1094 1733 rerum
1128 1691 1302 1735 omnium
1317 1693 1417 1744 Ro„

12 1764 234 1804 manarum,
270 1763 318 1794 ex
348 1749 490 1810 quibus
516 1763 615 1809 quus
652 1747 772 1794 vellet
804 1749 981 1809 eligeret,
1015 1751 1251 1810 instruuum
1274 1754 1415 1818 smffi’,

12 1815 249 1876 antiquaque
280 1815 316 1858 ei
344 1814 473 1861 verbu
516 1812 570 1860 ξεῖ
600 1812 767 1874 figuras
794 1816 957 1878 fhlitum
993 1831 1080 1863 eum
1117 1817 1187 1880 eff?
1224 1819 1418 1881 collzgere.

12 1877 199 1924 Videtur
221 1880 546 1939 grammaticus
575 1895 665 1924 non
701 1879 913 1940 ignobilis,
940 1896 990 1924 ea
1014 1882 1058 1926 in
1082 1897 1127 1926 re
1150 1885 1332 1944 ingenio
1365 1901 1417 1931 ac

11 1942 230 1989 voluntati
254 1944 445 1990 Sallustii
469 1944 746 2007 gratificatus
783 1944 883 1994 effe,
921 1947 1074 2006 potIus
1110 1964 1248 2009 quam
1286 1949 1416 1996 suum

11 2006 143 2069 ipslus
160 2007 385 2069 judicium
411 2008 623 2071 sequutus
649 2030 662 2063 3
699 2024 802 2054 nam
839 2009 883 2053 in
915 2013 1152 2073 praeceptis
1186 2013 1419 2061 rhetoricis

10 2071 67 2117 ad
88 2072 348 2119 Afinionem
373 2074 647 2129 Pollionem,
683 2074 722 2119 ei
744 2072 850 2119 nihil
868 2074 984 2120 aliud
992 2076 1211 2137 suadebat,
1238 2090 1289 2124 ut
1312 2096 1419 2142 pro-

12 2134 127 2186 didit
157 2139 412 2194 Suetonius,
449 2156 568 2201 quam
596 2149 643 2185 ut
680 2148 788 2194 note,
824 2139 1013 2201 civilique
1047 2141 1100 2188 ὃ
1131 2146 1302 2204 proprio
1324 2145 1418 2204 fir-

10 2215 121 2246 mone
141 2212 334 2255 uteretur,
371 2206 603 2267 vitaretque
633 2206 803 2250 maxime
824 2203 1105 2267 obscuritatem
1128 2208 1180 2255 ἐξ
1203 2209 1420 2256 audaciam

12 2266 56 2310 in
77 2265 416 2324 transsationibus.
484 2269 710 2315 Credibile
734 2269 811 2325 est,
838 2270 1098 2316 Sallustium
1122 2289 1172 2318 ea
1196 2288 1240 2318 re
1264 2276 1417 2334 gravi-

11 2340 151 2374 tatem
174 2331 273 2393 styli
295 2334 501 2396 captaffe,
539 2335 587 2380 &
613 2333 866 2397 priscorum
890 2335 1073 2383 illorum
1099 2338 1418 2385 Romanorum

14 2392 263 2442 sermonem
303 2398 548 2455 imitatum,
584 2415 783 2462 quorum
819 2400 1021 2447 moribus
1055 2415 1147 2447 erat
1181 2403 1420 2450 diffirnilli-

15 2473 134 2514 muS,
171 2472 222 2504 ut
240 2460 467 2522 flagitiosae
490 2466 599 2510 vitae
625 2465 819 2510 maculas
842 2465 1024 2523 elueret,
1050 2467 1421 2530 persuaderetque

15 2522 84 2578 iis,
121 2524 285 2584 quibus
309 2525 405 2572 satis
440 2541 572 2577 notus
615 2546 704 2575 non
730 2542 837 2582 erat,
873 2530 978 2578 falsa
1000 2533 1082 2579 esse
1106 2534 1275 2588 omnia,
1313 2548 1418 2594 quae

15 2586 72 2634 de
94 2587 172 2635 illo
196 2590 345 2637 minus
367 2590 545 2639 honesta
562 2594 854 2657 jactabantur.

1245 2661 1420 2707 Verum
