1666 2946
283 94 383 143 DE
416 91 734 140 REPUBL.
776 92 1257 140 ORDINANDA.
1353 110 1446 159 279

91 177 335 221 nestamenta
343 175 468 230 pacis,
477 175 516 216 &
524 174 687 228 praemia
693 173 804 215 belli.
818 173 896 215 Pro
904 175 964 215 his
978 174 1236 228 amplissumis
1244 175 1449 216 beneficiis

91 250 176 277 non
195 234 392 290 flagitium
411 246 434 273 a
453 242 509 282 te,
538 245 669 286 neque
689 231 841 271 malum
861 231 1032 281 facinus,
1063 233 1234 284 petimus
1250 250 1262 281 3
1304 234 1367 274 sed
1389 233 1451 274 uti

90 293 317 334 libertatem
335 289 508 331 eversam
536 287 730 329 restituas.
791 287 888 342 Qra
916 303 955 327 re
976 298 1142 342 patrata,
1174 289 1353 342 profefio
1381 304 1450 344 per

90 359 229 406 gentes
247 360 388 389 omnes
402 346 509 387 fama
522 345 679 386 virtutis
695 354 776 385 tuae
791 345 989 386 volitabit.
1049 345 1241 400 Namque
1257 347 1332 387 hac
1346 357 1451 387 tem-

91 405 252 460 pestate,
283 401 436 444 tametsi
473 401 602 452 domi,
631 401 866 455 militiaeque
886 402 1074 456 praeclara
1093 403 1270 444 facinora
1303 403 1448 459 egisti;

91 473 226 503 tamen
239 461 367 517 gloria
385 471 455 500 tua
466 473 560 500 cum
580 458 717 500 multis
729 459 822 499 viris
839 459 1007 499 fortibus
1024 459 1188 513 aequalis
1204 459 1280 510 est3
1311 460 1339 501 fi
1355 475 1452 503 vero

88 520 232 560 urbem
261 515 510 571 ampliffumo
530 516 710 564 nornine,
741 515 779 557 δε
797 530 989 556 maxumo
1009 517 1192 569 imperio,
1229 531 1350 570 prope
1370 520 1450 559 iam

90 576 140 617 ab
160 576 301 617 occasu
314 572 525 614 restitueris
539 589 553 621 3
584 573 673 627 quis
687 583 725 613 te
745 572 905 622 clarior,
928 574 1016 627 quis
1033 575 1158 630 major
1175 575 1216 614 in
1234 575 1344 615 terris
1361 567 1451 615 fue-

89 632 173 674 rit?
233 631 398 685 Qippe
412 629 440 671 s1
458 630 598 670 morbo
611 631 713 686 jam,
736 639 804 670 aut
821 630 902 670 fato
916 629 1013 670 huic
1034 630 1200 684 imperio
1217 631 1325 672 secus
1342 633 1451 673 a‘cci-

88 689 180 738 dat3
209 689 276 730 cui
291 687 460 728 dubium
475 685 546 736 est,
568 687 666 740 quin
680 701 750 740 per
764 688 902 727 orbem
919 697 1113 728 terrarum
1126 686 1298 738 vastitas,
1327 689 1450 740 bella,

90 746 218 786 caedes
234 744 443 786 oriantur?
503 743 628 797 Qod
644 742 672 784 fi
690 744 762 785 tibi
779 758 880 785 vana
893 743 1033 784 lubido
1046 745 1181 794 fuerit,
1204 746 1357 797 patriae,
1379 760 1454 800 pa-

89 802 270 852 rentibus
287 799 536 857 gratificandi
546 817 561 850 ;
591 800 745 854 postero
761 810 939 855 tempore
955 800 1108 854 republ.
1122 801 1317 852 restituta,
1339 804 1453 857 super

89 860 223 901 omnis
243 857 421 899 mortalis
443 857 570 913 gloria
589 858 743 914 agnita,
778 868 928 912 tuaque
949 859 1068 898 unius
1087 873 1195 900 mors
1214 859 1296 900 vita
1307 859 1453 901 clarior

88 917 178 958 erit.
239 914 352 956 Nam
371 914 482 955 vivos
513 914 715 956 interdum
749 916 927 965 fortuna,
957 914 1058 968 saepe
1083 916 1249 965 invidia,
1279 915 1420 972 fatigat
1437 936 1452 967 3

90 973 160 1014 ubi
181 973 316 1013 anima
332 981 485 1012 naturae
500 972 623 1022 cessst,
642 972 785 1014 demtis
805 971 1162 1014 obtre&ationib11s
1185 974 1263 1026 ipsa
1276 973 1312 1014 se
1327 975 1453 1016 virtus

88 1031 219 1084 magis
240 1029 445 1083 magisque
464 1027 637 1071 extollit.
698 1029 807 1085 Qae
835 1029 936 1070 mihi
971 1030 1086 1070 utilia
1117 1030 1225 1071 faE’cu
1244 1030 1323 1071 visa
1343 1031 1452 1082 sunt,

91 1100 265 1141 quaeque
284 1085 357 1126 tibi
377 1085 462 1127 usui
482 1086 566 1127 fore
584 1086 734 1128 credidi
753 1101 892 1142 quam,
928 1086 1179 1140 paucissumis
1201 1088 1329 1140 potui,
1361 1102 1451 1142 per-

91 1141 241 1197 scripfi.
302 1141 509 1184 Caeterum
521 1142 613 1183 deos
628 1143 870 1185 immortales
886 1143 1075 1193 obtestor,
1098 1147 1172 1195 uti,
1194 1158 1454 1200 quocumque

95 1200 345 1256 modoages,
375 1213 420 1242 ea
442 1214 501 1243 res
521 1199 610 1252 tibi,
641 1200 777 1257 reique
797 1201 975 1255 publicae·
993 1202 1172 1255 prospere
1191 1202 1361 1244 eveniat.

511 1625 1028 1685 FINIS.
