1666 2946
182 88 276 140 268
344 89 642 141 ORATIO
677 89 715 139 1.
757 90 863 138 AD
897 89 954 137 c.
988 89 1439 150 cAESAREM,

242 169 301 212 11.
332 171 390 211 At
404 181 545 211 contra
565 171 599 211 id
618 171 715 211 eniti
730 170 872 220 decet;
906 186 998 212 curn
1016 171 1093 224 ipse
1109 172 1248 222 bonus,
1269 183 1388 228 atque
1401 171 1581 217 strenua,
1607 204 1611 207 .
1630 170 1633 175 ’

185 240 235 269 us
252 225 315 276 fis,
356 228 551 281 utiquam
572 228 745 280 optumis
775 227 986 281 imperites.
1047 227 1156 270 Nam
1182 228 1375 283 pessumus
1395 229 1583 284 quisque.
1628 226 1633 278 ζ

183 285 393 339 asperrime
414 285 612 325 re&orem
635 285 794 337 patitur.
854 285 927 326 Sed
950 286 1018 326 tibi
1040 287 1116 327 hoc
1147 287 1301 343 gravius
1332 287 1404 336 est,
1433 301 1554 342 quam

185 351 280 384 ante
304 351 345 384 te
374 342 575 390 omnibus,
606 342 723 383 armis
756 353 865 394 parta
893 358 1148 396 componere.
1207 343 1366 385 Bellum
1384 344 1554 386 aliorum

185 398 460 454 pacetmollius
478 398 647 453 gessisti3
689 400 735 440 ad
768 401 845 441 hoc
865 401 1032 443 vietores
1063 401 1236 454 praedam
1260 411 1429 455 petunt,
1459 401 1556 442 vieti

188 458 298 500 cives
314 456 416 497 sunt.
479 459 590 498 lnter
608 457 675 498 has
694 455 943 499 difficultates
963 459 1209 500 evadendum
1230 457 1283 499 est
1310 459 1379 500 tibi
1393 475 1406 508 3
1438 459 1567 513 atque⁴
1629 472 1660 510 ’μ

185 514 228 557 in
248 511 446 568 posterum
466 511 660 555 firmanda
676 514 826 566 respub.
848 531 929 556 non
950 517 1067 556 armis
1096 517 1234 566 modo,
1265 531 1394 572 neque
1417 517 1559 558 adver·
1648 513 1655 520 Ἀ

184 571 272 613 sum
302 569 447 622 hostes,
476 571 558 621 sed,
589 573 693 626 quod
714 572 844 614 multo
873 571 1014 626 majus,
1047 573 1253 626 multoque
1286 574 1452 625 asperius
1481 571 1554 623 est,
1627 569 1630 575 ’

185 628 300 670 bonis
314 628 417 681 pacis
431 628 592 669 artibus.
653 628 763 684 Ergo
781 644 920 672 omnes
936 644 1079 684 magna
1095 631 1361 686 mediocrique
1374 631 1558 684 sapientia

185 700 247 727 res
266 686 348 727 huc
362 697 502 736 vocat3
534 700 622 741 quae
638 687 797 742 quisque
812 697 976 740 optuma
995 686 1137 740 potest,
1159 700 1202 728 ut
1214 689 1331 730 dicat.
1381 689 1443 729 Ac
1459 688 1556 729 mihi

185 743 240 785 stc
254 744 433 792 videtur3
464 744 743 798 qualicumque
763 745 885 786 modo
904 756 945 785 tu
963 744 1169 786 vitstoriam
1191 745 1472 799 composueris,
1504 747 1556 786 ita

185 800 262 842 alia
281 801 417 842 omnia
435 801 581 843 futura.
640 801 714 842 Sed
740 802 842 857 jam,
873 817 953 856 quo
984 802 1139 853 melius,
1171 802 1393 858 faciliusque
1412 802 1558 845 consti-

187 868 292 908 tuas,
325 858 474 912 paucis,
505 872 594 913 quae
620 874 685 900 me
705 861 860 901 animus
881 871 1037 911 monet,
1068 861 1217 914 accipe.

244 915 319 956 ΠΙ.
342 915 497 957 Bellum
514 917 585 957 tibi
602 917 692 967 fuit,
715 918 945 971 imperator,
968 932 1061 959 cum
1076 919 1239 959 homine
1260 916 1383 968 claro,
1405 917 1559 972 magnis

182 973 341 1027 opibus,
385 974 502 1014 avido
535 976 743 1026 potentiae,
786 975 936 1031 majore
970 977 1145 1025 fortuna,
1191 989 1309 1029 quarn
1345 975 1557 1027 sapientia;

182 1044 304 1087 quem
324 1031 445 1072 secuti
465 1031 553 1073 sunt
571 1033 703 1086 pauci,
734 1047 804 1086 per
824 1034 931 1074 suam
951 1032 1133 1088 injuriam
1156 1033 1225 1074 tibi
1257 1033 1427 1083 inimici,
1459 1033 1568 1074 item-

184 1101 285 1143 quos
305 1088 487 1138 affinitas,
519 1100 587 1131 aut
605 1090 679 1130 alia
698 1091 940 1132 neceffitudo
961 1091 1096 1132 traxit.
1157 1089 1266 1131 Nam
1281 1091 1471 1143 particeps
1487 1090 1560 1130 do-

184 1146 416 1188 minationis
434 1160 564 1200 neque
580 1148 655 1188 fuit
673 1148 874 1202 quisquam
893 1165 905 1196 ς
937 1162 1082 1201 neque,
1116 1146 1143 1188 st
1165 1148 1244 1200 pati
1264 1146 1463 1199 potuisset,
1493 1162 1560 1187 or-

186 1203 246 1244 bis
267 1213 462 1244 terrarum
484 1204 588 1245 bello
607 1204 814 1247 concussus
834 1206 951 1246 foret„
1011 1204 1170 1246 Caetera
1198 1204 1412 1252 multitudo
1433 1204 1558 1259 vulgi,

184 1274 303 1302 more
322 1260 449 1316 magis
467 1276 586 1316 quarn
602 1261 775 1316 judicio,
808 1262 893 1315 post
910 1262 1005 1304 alius
1026 1262 1165 1312 aliurn,
1194 1260 1300 1316 quafi
1329 1262 1560 1315 prudentio-

184 1331 291 1369 rem,
322 1317 456 1359 secuti.
516 1318 591 1360 Per
612 1320 717 1360 idem
740 1330 896 1373 tempus
928 1319 1145 1360 maledictis
1178 1319 1417 1373 iniquiorum
1439 1333 1561 1360 occu·

182 1376 326 1428 pandae
352 1375 518 1429 reipubl,
550 1377 592 1417 in
618 1377 723 1430 spem
745 1377 903 1418 adduffi
925 1378 1122 1428 homines,
1153 1377 1293 1431 quibus
1314 1377 1449 1418 omnia
1469 1391 1560 1429 pro-

177 1433 258 1474 ·bro
272 1447 319 1474 ac
332 1431 489 1475 luxuria
503 1433 652 1486 polluta
666 1445 796 1487 erant,
818 1449 1056 1476 concurrere
1069 1435 1108 1476 in
1121 1434 1241 1476 castra
1257 1444 1345 1484 tua3
1377 1436 1413 1477 &
1428 1446 1561 1488 aperte

182 1490 329 1544 quietis
357 1495 556 1545 mortem,
595 1492 766 1546 rapinas,
810 1492 1010 1546 postremo
1038 1493 1191 1543 omnia,
1234 1506 1323 1548 quae
1355 1503 1562 1546 corruptus

183 1549 341 1589 animus
355 1547 538 1603 jubebat,
571 1551 761 1592 miniteri.
1496 1567 1498 1570 ’

243 1604 320 1646 IV.
352 1605 416 1646 Ex
436 1607 522 1661 quis
541 1621 685 1663 magna
706 1623 809 1661 parS,
839 1608 907 1649 ubi
931 1622 1061 1663 neque
1087 1607 1282 1649 creditum
1316 1606 1560 1655 condonare,

183 1676 316 1718 neque
336 1671 377 1704 te
396 1663 564 1718 civibus,
584 1664 695 1706 ficuti
716 1665 904 1715 hostibus,
936 1667 993 1706 uti
1009 1666 1163 1715 vident,
1195 1665 1416 1713 defluxere3
1447 1667 1561 1717 pauci

163 1722 165 1724 ’
182 1720 379 1770 restitere,
402 1721 542 1775 quibus
557 1722 683 1777 majus
698 1724 826 1764 otium
843 1724 882 1764 in
900 1724 1046 1773 castri-s,
1068 1738 1185 1779 quam
1204 1723 1365 1773 Romae,
1382 1722 1562 1763 futurum

182 1787 291 1829 erat3
324 1787 435 1819 tanta
447 1779 504 1820 vis
523 1781 767 1822 creditorum
788 1782 1053 1835 impendebat.
1115 1781 1187 1820 Sed
1209 1781 1261 1821 ob
1280 1781 1433 1821 easdem
1454 1780 1563 1820 caus-

184 1835 260 1891 sas,
292 1836 470 1877 immane
486 1836 595 1877 diem
616 1836 688 1889 est,
719 1841 874 1893 quanti,
905 1839 944 1882 δι
960 1853 1077 1893 quam
1098 1838 1215 1879 multi
1231 1837 1417 1889 mortales
1431 1836 1564 1890 postea

182 1893 233 1934 ad
250 1892 488 1948 Pompejum
514 1894 783 1947 discess‘erint3¹
805 1911 932 1949 eoque
947 1910 1014 1949 per
1030 1910 1151 1935 omne
1171 1906 1326 1948 tempus
1347 1893 1437 1935 belli
1458 1893 1564 1948 quasi

182 1950 311 2000 sacro,
342 1960 461 2005 atque
494 1951 700 2005 inspoliato
722 1953 814 1995 fano
839 1954 1035 1994 debitores
1070 1952 1139 1993 ufi.
1197 1952 1340 2008 Igitur,
1372 1952 1562 2006 quoniam

183 2008 255 2049 tibi
272 2007 413 2049 vifiori
432 2009 481 2050 de
494 2008 615 2062 bello,
646 2021 765 2064 atque
787 2025 899 2065 pace,
929 2010 1157 2067 agitandum
1175 2010 1230 2051 est
1247 2018 1274 2060 ς’
1290 2011 1370 2051 hoc
1387 2009 1446 2051 uti
1464 2009 1563 2050 civi·
1585 2043 1588 2045 .

182 2064 276 2118 liter
297 2066 488 2119 deponas,
517 2067 583 2108 illa
603 2078 647 2108 ut
667 2083 785 2123 quam
811 2068 1032 2124 justiffima,
1063 2069 1102 2110 &
1122 2068 1307 2109 diuturna
1325 2065 1371 2108 fit
1389 2084 1401 2116 3
1439 2067 1489 2107 de
1521 2075 1564 2108 te

181 2121 267 2176 ipso
282 2123 474 2176 primurn,
505 2125 597 2178 quia
616 2125 904 2179 compositurus
924 2140 984 2178 es,
1012 2126 1117 2180 quod
1133 2136 1346 2178 optumum
1361 2122 1468 2165 faE'tu
1485 2121 1560 2174 est,

182 2179 377 2222 existima.
436 2177 638 2235 Equidem
651 2198 728 2238 ego
749 2183 894 2225 cuneta
914 2183 1078 2236 imperia
1093 2182 1283 2234 crudelia,
1313 2181 1438 2237 magis
1453 2194 1564 2222 acer-

184 2237 252 2287 ba,
284 2253 404 2292 quam
419 2238 624 2291 diuturna,
654 2241 839 2292 arbitror,
872 2256 1001 2296 neque
1015 2254 1256 2295 quemquam
1278 2254 1300 2280 a
1322 2238 1455 2280 multis
1473 2252 1561 2280 me·

183 2297 381 2337 tuendum
402 2294 496 2347 effe,
526 2298 622 2352 quin
642 2299 689 2338 ad
710 2313 802 2340 eum
823 2314 873 2339 ex
901 2298 1036 2340 multis
1056 2297 1230 2339 formido
1249 2298 1429 2345 recidat3
1471 2309 1562 2350 eam

182 2352 310 2394 vitam
327 2352 479 2395 bellum·
496 2365 692 2397 aeternum
713 2357 753 2398 δι
771 2370 915 2410 anceps
935 2369 1072 2412 gerere
1089 2371 1102 2403 ;
1135 2356 1325 2408 quoniam
1345 2367 1475 2409 neque
1493 2353 1562 2394 ad-

184 2411 334 2462 versus,
364 2424 495 2464 neque
514 2411 562 2452 ab
582 2421 720 2467 tergo,
736 2424 804 2455 aut
818 2414 1006 2456 lateribus
1024 2422 1130 2453 tutus
1146 2410 1207 2464 fis,
1229 2412 1381 2465 sernper
1397 2412 1439 2453 in
1458 2411 1565 2464 peri-1
1587 2441 1590 2447 ·

188 2466 302 2518 culo,
331 2478 400 2509 aut
418 2478 530 2510 metu
549 2470 688 2524 agites.

242 2524 299 2566 V.
328 2524 483 2568 Contra
510 2527 578 2580 qui
610 2526 871 2583 benignitate,
902 2529 943 2570 δι
961 2526 1191 2579 clementia,
1223 2526 1434 2580 imperium
1452 2536 1588 2571 tem·‚.

181 2594 385 2635 peravere,
401 2583 460 2624 his
471 2583 562 2625 laeta
575 2585 611 2628 δι
626 2585 792 2626 candida
802 2585 938 2626 omnia
948 2585 1040 2632 visa,
1058 2586 1178 2626 etiam
1193 2584 1337 2635 hostes,
1351 2583 1559 2639 aequiores,
1585 2614 1587 2616 -
1624 2599 1625 2604 ’

181 2651 301 2692 «quam
322 2639 404 2683 aliis
424 2641 543 2685 cives.
602 2644 669 2684 An
691 2643 757 2699 qui
778 2657 845 2685 me
864 2643 923 2685 his
953 2642 1065 2685 dietis
1088 2653 1365 2696 corruptorem
1383 2639 1563 2683 vidtoriae

1479 2708 1560 2738 tuae
