1666 2946
154 61 248 124 275
316 30 610 107 ORATm'
645 59 703 105 Π.
744 59 846 105 AD
883 47 1374 114 cscAEsAREM,

149 154 195 184 ut
215 142 456 197 cuiqueasors
477 142 587 192 tulit,
618 142 666 181 de
683 142 882 182 maxumis
903 141 1019 182 rebus
1035 142 1169 197 juxta,
1193 155 1239 181 ac
1255 141 1304 180 de
1320 136 1519 182 minumis'

148 201 353 254 disceptat.
417 199 489 239 Sed
512 200 560 239 de
580 198 871 253 magistratibus
893 198 1072 239 creandis
1095 199 1200 238 haud
1220 198 1319 238 mihi
1348 197 1513 253 quidem

150 257 314 299 absurde
334 254 464 311 placet
482 256 564 306 lex,
596 270 718 309 quam
735 255 787 297 C.
804 255 1020 298 Gracchus
1041 257 1082 296 in
1103 255 1310 296 tribunatu
1331 255 1518 310 promul-

147 326 331 372 gaverat3
364 325 408 353 ut
423 328 473 354 ex
490 312 663 353 confusis
680 314 860 368 quinque
879 314 1060 355 clastibus
1075 314 1175 354 sorte
1187 312 1379 354 centuriae
1395 325 1518 352 voca-

149 383 303 414 rentur.
376 369 438 411 Ita
470 371 669 424 coaequati
701 371 911 425 dignitate,
955 371 1140 426 pecunia,
1182 370 1331 411 virtute
1364 368 1518 410 anteire

148 431 248 470 alius
261 429 385 468 alium
399 428 640 481 properabit.
702 427 803 468 Haec
820 442 895 483 ego
907 443 1055 484 magna
1072 427 1245 469 remedia
1256 436 1398 468 contra
1412 426 1517 466 divi-

144 489 221 528 tias
238 485 380 526 statuo.
441 485 554 525 Nam
575 485 738 539 perinde
757 499 895 526 omnes
912 500 972 526 res
989 486 1218 535 laudantur,
1255 494 1377 539 atque
1396 497 1519 538 appe-

146 555 307 593 tuntur,
330 552 375 582 ut
389 556 527 583 earum
539 557 672 582 rerum
690 543 780 583 usus
797 542 874 592 est3
903 542 1058 584 malitia
1075 542 1247 596 praemiis
1263 551 1486 582 exercetur.

205 599 263 641 X.
296 599 382 640 Ubi
413 613 460 640 ea
477 600 678 650 demseris,
720 615 841 642 nemo
871 600 1057 640 omnium
1088 599 1262 655 gratuito
1289 596 1529 640 malus‘est.-

146 657 358 700 Caeterum
378 657 541 697 avaritia
561 657 694 698 bellua
713 658 811 708 fera,
833 656 1036 706 immanis,
1059 655 1307 697 intoleranda
1326 654 1404 705 est;
1436 670 1520 710 quo

149 714 342 764 intendit,
372 714 535 768 oppida,
567 729 701 770 agros,
738 716 846 765 fana,
878 724 998 770 atque
1018 714 1175 763 domm,
1205 712 1352 764 vastat3
1383 712 1524 754 divina

149 787 246 814 cum
266 771 452 813 humanis
470 773 703 825 permiscet3
735 787 866 827 neque
885 770 1101 821 exercitus,
1123 784 1254 824 neque
1274 770 1428 810 moenia
1441 770 1518 811 ob-

149 831 271 880 stant,
303 844 387 885 quo
413 829 547 869 minus
567 830 606 869 vi
637 831 704 871 sua
733 838 941 883 penetret3
974 829 1096 878 fama,
1128 827 1337 881 pudicitia,
1369 826 1521 878 liberis,

151 888 296 941 patria,
326 897 446 942 atque
470 887 704 940 parentibus
724 888 893 928 cunetos
921 885 1109 928 mortales
1130 884 1284 939 spoliat.
1347 882 1521 934 Verum,

152 944 182 986 fi
196 945 378 998 pecuniae
391 945 511 985 decus
528 944 742 993 ademeris3
764 957 912 1000 magna
928 944 997 985 illa
1007 944 1065 985 vis
1083 942 1256 984 avaritiae
1269 941 1387 983 facile
1402 941 1521 983 bonis

155 1002 336 1043 moribus
352 1002 550 1043 vincetur.
611 1004 750 1057 Atque
766 1003 854 1043 haec
867 1002 923 1043 ita
935 1002 1011 1042 sese
1029 1001 1191 1050 habere,
1213 997 1366 1040 tametsi
1381 1010 1523 1040 omnes

155 1059 280 1114 aequi,
303 1070 423 1114 atque
445 1059 572 1113 iniqui
598 1055 823 1100 memorent
840 1078 852 1109 ;
883 1070 1020 1100 tamen
1040 1058 1114 1099 tibi
1135 1071 1230 1097 cum
1250 1057 1426 1099 faetione
1445 1069 1526 1097 no-

155 1117 323 1159 bilitatis
352 1117 456 1157 haud
474 1117 728 1158 mediocriter
742 1117 978 1158 certandum
999 1115 1055 1156 est
1070 1134 1084 1166 ;
1115 1115 1230 1171 cujus
1251 1113 1279 1156 fi
1305 1113 1435 1156 solum
1455 1127 1527 1154 ca-

155 1174 276 1224 veris,
308 1173 385 1214 alia
405 1174 542 1213 omnia
562 1174 604 1214 in
621 1173 789 1227 proclivi
805 1184 939 1215 erunt.
998 1173 1112 1214 Nam
1127 1173 1186 1222 hi,
1225 1171 1254 1214 fi
1270 1171 1418 1214 virtute
1433 1170 1525 1212 satis

156 1231 352 1281 valerent,
374 1231 501 1286 magis
521 1231 658 1271 aemuli
674 1232 892 1282 bonorum,
913 1245 1037 1288 quam
1058 1230 1199 1281 invidi,
1218 1228 1354 1270 effent.
1414 1227 1530 1283 Qia

156 1287 318 1338 defidia,
361 1289 400 1330 &
428 1288 586 1339 inertia,
617 1288 657 1329 δι
684 1288 819 1343 stupor
844 1303 928 1340 eos,
975 1299 1097 1342 atque
1130 1287 1312 1342 torpedo,
1357 1284 1498 1328 invasit
1511 1302 1531 1335 3·

156 1345 356 1399 strepunt,
390 1345 636 1397 obtrectant,
666 1345 838 1387 alienam
860 1347 1010 1387 famam
1036 1347 1187 1387 bonam
1206 1345 1322 1386 suum
1355 1343 1527 1387 dedecus

155 1403 415 1444 existumant.
477 1402 570 1454 Sed,
595 1403 691 1457 quid
715 1418 792 1459 ego
809 1404 942 1458 plura,
974 1401 1083 1458 quasi
1103 1403 1152 1443 de
1174 1402 1341 1458 ignotis,
1372 1414 1528 1442 memo-

155 1476 242 1502 rem
261 1460 276 1500 ?
336 1459 404 1512 M.
427 1460 563 1502 Bibuli
582 1461 792 1512 fortitudo,
823 1472 944 1516 atque
963 1461 1088 1501 animi
1108 1460 1183 1511 vis,
1213 1460 1255 1500 in
1274 1458 1532 1504 consulatum*

159 1518 319 1572 erupit;
351 1519 470 1559 hebes
493 1518 650 1574 lingua,
681 1520 809 1575 magis
837 1518 982 1569 malus,
1014 1533 1137 1573 quam
1156 1517 1325 1558 callidus
1347 1516 1527 1572 ingenio.

160 1576 276 1630 Qid
297 1575 365 1616 ille
384 1576 542 1626 audeat,
571 1577 638 1616 cui
654 1577 883 1618 consulatus
900 1590 1137 1617 maxumum
1155 1575 1367 1629 imperium
1382 1588 1530 1615 maxu-

159 1649 231 1675 mo
246 1632 427 1673 dedecori
445 1634 522 1673 fuit
538 1633 551 1673 ?
615 1634 683 1674 An
700 1634 751 1675 L.
770 1633 947 1675 Domitii
964 1648 1112 1689 magna
1126 1633 1184 1674 vis
1201 1632 1271 1682 est,
1303 1633 1417 1689 cujus
1433 1630 1530 1671 nul-

160 1692 249 1732 lum
275 1691 503 1731 membrum
530 1705 560 1736 ,a
594 1691 747 1746 flagitio
767 1703 836 1733 aut
857 1691 1035 1732 facinore
1055 1690 1199 1732 vacat?
1248 1691 1390 1746 lingua
1409 1702 1528 1738 vana,

159 1763 304 1789 manus
332 1757 527 1797 cruentae,
559 1748 676 1801 pedes
702 1749 865 1808 fugaces
880 1768 892 1799 3
924 1764 1017 1804 quae
1044 1747 1208 1789 honeste
1234 1747 1440 1789 nominari>
1456 1759 1530 1787 ne-

165 1815 331 1862 queant,
365 1804 702 1846 inhonestissuma.

158 1897 162 1900 .
217 1862 296 1903 XI.
335 1862 469 1903 Unius
505 1873 640 1903 tamen
671 1861 739 1904 M.
778 1861 949 1904 Catonis
985 1863 1196 1919 ingenium
1214 1859 1434 1913 versutum,
1465 1861 1531 1902 lo·

161 1935 288 1975 quax,
325 1920 517 1961 callidum
541 1921 648 1960 haud
676 1930 909 1961 contemnO.
972 1921 1168 1962 Parantur
1201 1921 1288 1962 haec
1322 1919 1534 1974 disciplina

161 1977 422 2020 Graecorum.
498 1977 574 2018 Sed
605 1978 747 2028 virtus,
788 1977 1014 2034 vigilantia,
1048 1978 1176 2028 labos,
1219 1978 1322 2032 apud
1358 1965 1531 2020 Graecos

162 2035 276 2080 nulla
297 2035 401 2075 sunt.
463 2034 643 2090 Qippe,
666 2036 736 2090 qui
753 2035 862 2076 domi
883 2036 1109 2077 libertatem
1125 2036 1234 2077 suam
1257 2050 1326 2089 per
1345 2034 1531 2076 inertiam

164 2093 407 2142 amiserunt3
441 2093 624 2133 censesne
645 2107 783 2133 eorum
800 2094 1026 2148 praeceptis,
1055 2093 1268 2148 imperium
1288 2092 1425 2134 haberi
1441 2091 1530 2145 pos-

165 2150 232 2192 se?
295 2149 463 2204 Reliqui
483 2150 531 2190 de
547 2151 724 2191 fafitione
744 2150 836 2191 sunt
856 2149 1062 2192 inertiffmi
1083 2151 1238 2192 nobiles
1256 2169 1267 2199 3
1301 2150 1342 2190 in
1363 2149 1531 2204 quibus,

163 2207 265 2249 sicut
297 2208 340 2248 in
366 2206 509 2257 statua,
543 2218 685 2261 praeter
715 2222 882 2259 nomen,
918 2208 1022 2249 nihil
1057 2206 1112 2248 est
1141 2207 1417 2248 additamenti.
1453 2204 1529 2253 *L.

164 2264 424 2315 posthumus,
465 2265 504 2305 δι
535 2264 603 2306 M.
625 2264 846 2315 Favonius,
883 2266 982 2306 mihi
1017 2266 1204 2306 videntur
1234 2260 1532 2320 quasi-magnae

168 2322 280 2363 navis
302 2323 540 2375 supervacua
560 2337 682 2362 onera
698 2319 786 2373 effe,
809 2324 879 2363 ubi
897 2323 989 2364 salvi
1007 2337 1234 2376 pervenere,
1258 2321 1345 2363 usui
1359 2321 1483 2371 sunt3‘
1503 2319 1533 2362 fi

167 2379 265 2434 quid
288 2378 433 2420 adversi
450 2389 636 2420 coortum
650 2379 720 2430 est,
743 2380 792 2420 de
808 2380 886 2422 illis
904 2379 1163 2434 potissumum
1180 2380 1340 2437 jaEtura
1354 2378 1415 2429 fit,
1437 2378 1534 2434 quia

168 2437 284 2491 pretii
304 2436 594 2477 minumisunt.
656 2437 785 2478 Nunc
805 2438 1015 2492 quoniam,
1047 2436 1149 2477 sicut
1180 2436 1280 2477 mihi
1299 2436 1450 2486 videor,
1478 2430 1549 2475 de'

169 2494 283 2546 plebe
305 2494 545 2544 renovanda,
571 2496 887 2550 corrigendaque
906 2493 1060 2536 disserui
1073 2513 1084 2543 ;
1113 2493 1160 2534 de
1174 2495 1326 2544 senatu,
1347 2509 1441 2549 quae
1459 2493 1534 2534 tibi

171 2551 324 2605 agenda
344 2551 544 2600 videntur,
573 2552 719 2592 dicam.
781 2551 996 2606 Postquam
1016 2551 1115 2591 mihi
1130 2561 1225 2592 aetas
1242 2551 1534 2607 ingeniumque

173 2608 364 2668 adolevit,
397 2608 501 2663 haud
524 2609 646 2651 ferme
667 2609 803 2662 armis,
834 2620 956 2666 atque
975 2609 1089 2665 equis
1105 2622 1251 2664 corpus
1269 2607 1448 2659 exercui,
1469 2607 1533 2672 sed

1445 2678 1534 2707 am-

1577 233 1590 255 ἐ

1602 479 1606 488 .

1642 555 1650 570 ί,

1620 582 1627 590 1
1650 575 1656 594 ἴ

1643 598 1651 609 Ρ

1615 608 1643 686 l

1625 688 1639 727 'z

1635 730 1647 781 ἶ

1636 784 1650 814 [Ι’

1619 819 1650 847 '1¹1

1639 854 1643 866 Ι

1643 874 1648 882 .
