1666 2946
1387 0 1418 24 ..
1531 0 1666 68 W

145 84 148 85 γ
715 81 717 84 ⁴
1257 74 1261 77 <
1651 65 1663 90 3

178 122 304 171 xxxii
427 121 473 169 C.
530 120 836 169 CRISPI
899 120 1364 169 SALLUS‘TII
1598 50 1658 175 ζ

177 205 282 248 vivo
307 202 449 263 patre,
484 197 701 261 turpiffime
731 197 916 244 venalem
953 198 1117 252 habuit,
1161 215 1211 245 ac
1244 198 1465 252 vendidit·,
1498 213 1598 248 mo·
1624 224 1657 264 ᾗ

177 269 306 338 rique
331 268 483 329 coegit
505 281 561 310 ex
586 277 785 308 moerore
810 274 1005 325 patrem,
1041 276 1136 326 quo
1169 265 1374 311 nondum
1397 273 1617 320 mortuo,
1629 257 1659 317 2⁸.-

178 397 345 461 lapsus,
381 396 539 464 postea
555 392 595 439 se
631 393 839 448 correxit,
877 392 951 438 sed
975 394 1124 440 abiit
1114 409 1159 438 m
1180 392 1440 442 sodalitium
1471 392 1604 440 sacri-

179 463 271 524 legi
301 461 446 508 nescio
470 474 599 520 cums
622 457 889 517 Nigidiani:
927 459 993 505 bis
1017 458 1246 505 accusatus
1276 459 1338 506 est
1371 458 1494 522 apud
1525 473 1604 520 Ju-

180 527 319 583 dices,
357 527 423 571 bis
459 523 723 574 absolutus·‚
759 538 918 569 verum
949 525 1011 571 ita
1043 537 1094 571 ut
1130 538 1221 571 non
1251 525 1466 572 innocens
1498 523 1602 579 effe,
1655 578 1659 584 .

183 591 255 638 sed
274 590 377 654 judi
380 605 450 636 ces
475 587 714 654 perjurasse
740 587 1013 637 videi-,entur

172 349 270 395 Jarn
298 349 386 397 pro
415 308 584 377 herede
621 329 776 373 omnia
812 328 1010 390 gerebat.
1075 326 1175 374 Nec
1211 332 1355 376 aetatis
1391 322 1662 571 tirocinio}

242 721 365 767 Cum
402 719 459 766 ad
498 717 785 781 capessendos
825 717 1088 781 reipublicae
1128 720 1320 766 honores
1360 717 1605 766 contende·
1630 713 1665 757 3·

185 799 267 842 ret,
297 788 372 845 (a)
397 784 671 848 quaesturam
701 784 764 829 est
792 784 1112 846 consequutus,
1149 799 1289 847 quam
1323 785 1355 830 si
1389 785 1521 846 petiit
1544 783 1630 830 le·
1625 798 1633 806 ¹

184 853 350 914 gitimo
388 867 522 904 anno
560 850 647 895 hoc
681 848 759 904 est,
797 849 1021 911 vigesimo
1060 850 1239 912 quinto,
1285 848 1506 911 quaestor
1522 847 1644 916 fnit.

185 920 248 963 A.
269 917 335 963 U.
360 917 413 962 C.
442 916 516 975 (h)
543 929 748 960 Dcxcw.
789 915 968 975 Qinto
1001 914 1192 961 Caecilio
1229 914 1424 961 Metello
1453 914 1629 961 Celere
1651 956 1655 964 .

188 982 238 1028 &
263 981 321 1027 L.
343 977 549 1027 Afranio
560 978 663 1026 cofl'.
711 979 919 1025 Aliosne
942 980 1137 1041 honores
1157 980 1416 1035 ambiverit,
1441 995 1497 1025 an
1519 977 1639 1026 dif-

188 1047 467 1093 ficultatibus
506 1045 745 1090 deterritus
783 1044 839 1089 ad
887 1046 1111 1108 privatam
1151 1046 1313 1101 vitam,
1366 1044 1419 1091 iis
1455 1043 1663 1101 miffis,.

190 1110 465 1167 concesserit,
503 1126 595 1157 non
631 1110 730 1155 satis
764 1110 919 1172 liquet.
998 1111 1077 1155 Ab
1115 1109 1201 1156 hoc
1243 1121 1361 1156 certe
1404 1121 1636 1172 tempore

191 1177 341 1222 nullos
363 1177 573 1231 honores,
612 1176 667 1220 ad
692 1175 971 1222 tribunatum
996 1175 1135 1238 usque
1159 1174 1320 1237 plebis,
1357 1176 1498 1237 geffit.
1557 1142 1661 1229 Iul

190 1241 289 1302 ipso
329 1241 640 1287 adolescentiae
679 1240 851 1295 ardore,
901 1239 1084 1286 videtur
1127 1256 1178 1286 ea
1221 1239 1469 1296 admififfe,
1506 1239 1659 1303 quaep}

192 1318 407 1352 aeternam
431 1306 607 1352 nomini
645 1304 740 1366 ejus
767 1305 1001 1351 infamiam
1026 1305 1285 1352 inusserunt.
1353 1306 1427 1352 M.
1446 1298 1658 1361 Varro,¹'“
1644 1333 1657 1362 ,,3,

173 1374 258 1429 (c)
280 1371 468 1434 1criptor
492 1386 572 1432 gra
576 1372 828 1426 Jiffimus,
819 1387 865 1416 in
890 1370 1004 1416 libro
1027 1386 1165 1432 quem
1189 1370 1467 1434 inscripserat
1486 1371 1610 1425 Pius,

192 1449 269 1482 aut
305 1436 361 1481 de
398 1436 530 1492 Pace,
567 1437 619 1482 C.
649 1435 907 1482 Sallustium
944 1436 989 1480 in
1030 1433 1250 1481 adulterio
1284 1435 1613 1499 deprehensum
1646 1485 1663 1498 .

192 1517 301 1547 curn
325 1500 500 1557 Fausta,
539 1501 678 1548 Sullae
702 1500 810 1556 filia,
846 1517 871 1546 a
904 1499 1084 1546 Milone
1115 1515 1210 1562 e]us
1244 1501 1346 1547 viro
1375 1501 1481 1546 loris
1503 1500 1637 1547 bene
1636 1507 1660 1566 3

192 1565 379 1620 caesum,
428 1565 495 1622 &‚
532 1583 640 1613 curn
677 1565 918 1629 pecuniam
957 1564 1161 1623 dedisset,
1210 1565 1443 1622 dimissum
1487 1561 1645 1614 fuiffe
1651 1603 1653 1619 2

192 1629 411 1694 prodidit.
1648 1665 1661 1711 ¹<

261 1763 476 1806 Attamen
499 1763 556 1809 A.
575 1763 639 1809 U
657 1763 709 1808 C.
733 1777 887 1808 Dccn.
909 1761 985 1822 (d)
1001 1761 1280 1809 tribunatum
1305 1762 1449 1824 plebis
1471 1763 1611 1827 adep·
1648 1766 1662 1813 §¹

194 1838 267 1871 tus
290 1826 367 1881 est,
405 1839 612 1889 tempore
631 1843 722 1889 quo
741 1827 879 1889 usque
902 1827 1014 1873 adeo
1037 1827 1214 1874 turbata
1236 1840 1330 1874 erat
1345 1827 1612 1891 respublica,
1643 1824 1663 1875 ᾄ

193 1903 247 1936 ut
280 1907 334 1936 eo
366 1890 614 1938 deventum
641 1893 710 1949 sit,
746 1905 797 1938 ut
831 1892 916 1938 Cn.
943 1891 1193 1955 Pompejus
1223 1893 1427 1953 Magnus
1459 1877 1666 1952 consul*

195 1955 285 2003 sine
305 1955 480 2015 collega
496 1969 731 2005 crearetur.
798 1958 921 2004 Cum
945 1971 1098 2004 autem
1123 1957 1278 2020 paullo
1309 1970 1411 2004 ante
1433 1960 1494 2005 T.
1515 1962 1615 2005 An·

194 2022 295 2066 nius
330 2022 451 2066 Milo
488 2024 538 2068 P.
564 2023 783 2069 Clodium
818 2022 1061 2080 occidisset,
1099 2021 1436 2086 Pompejusque
1464 2024 1612 2086 legem
1645 2019 1658 2081 {3'

195 2085 252 2132 de
287 2085 332 2129 vi
367 2086 547 2143 tulisset,
584 2104 674 2150 qua
708 2088 1017 2133 instituebatur
1048 2087 1240 2150 quaestio
1273 2087 1330 2133 de
1368 2104 1419 2134 ea
1447 2088 1614 2144 caede·,

195 2149 446 2195 ulciscendi
462 2124 741 2198 ocdafionem
767 2153 921 2199 naffitus
946 2153 1194 2208 Sallustius,
1230 2151 1309 2198 fibi
1339 2169 1431 2199 non
1453 2152 1613 2200 defuit.
1647 2151 1661 2196 3

196 2216 320 2261 Cum
359 2215 537 2262 duobus
582 2219 675 2263 aliis
721 2217 910 2264 tribunis
955 2218 1097 2281 plebis
1143 2218 1466 2264 inimiciffirnas
1505 2234 1615 2265 con-

197 2281 364 2335 ciones,
403 2294 454 2327 ut
489 2282 638 2329 scribit
671 2279 894 2328 Asconius
922 2283 1143 2330 Pedianus
1178 2283 1224 2328 in
1256 2283 1489 2330 Ciceronis
1517 2285 1616 2330 Mi-

196 2344 441 2402 lonianmn,
478 2347 534 2393 de
561 2348 740 2393 Milone
777 2346 949 2405 habuit,
997 2347 1237 2394 invidiosas
1275 2348 1411 2394 etiarn
1451 2349 1508 2396 de
1537 2349 1616 2396 Ci-
1640 2318 1660 2411 Ξ

253 2505 327 2551 (a)
359 2502 522 2540 Ibidem.
580 2502 651 2549 (b)
683 2505 731 2540 A.
756 2504 803 2541 C.
828 2517 895 2541 Lx.
969 2505 1035 2551 (c)
1066 2504 1128 2554 Ap
1134 2504 1183 2541 ud
1205 2505 1297 2544 Aul.
1322 2504 1511 2548 Gellium,
1541 2505 1612 2544 lib.
1646 2440 1664 2549 ³¹

1642 2559 1666 2611 7

202 2569 312 2592 xv11.
321 2568 383 2593 .c.
406 2559 463 2593 18.
512 2556 615 2594 Vide
635 2566 672 2594 et
702 2565 865 2594 veterem
889 2555 1118 2594 Scholiasten
1138 2557 1295 2598 Horatii
1321 2560 1368 2598 ad
1389 2560 1468 2598 Sat.
1490 2557 1560 2596 lib.
1584 2572 1615 2596 1.
1642 2550 1666 2573 ¹

202 2609 274 2653 (d)
304 2585 353 2646 A.
378 2607 604 2646 C.N.1.11.
1639 2597 1666 2666 :l

1639 2651 1666 2707 3

1440 2735 1613 2778 cerone,
1635 2731 1666 2807 ᾖ

1636 2824 1666 2862 ,3,

1639 2599 1651 2666 ΑΜ
