1666 2946
450 129 496 173 V
624 128 646 174 I
774 125 820 172 T
950 123 1011 168 A.
1299 124 1439 172 xxxiii

35 230 208 272 cerone‚
242 210 367 275 quod
383 208 611 256 Milonem
635 205 816 252 summo
839 202 987 249 studio
1004 199 1292 255 defenderet;
1326 214 1439 248 erat-

36 298 124 345 que
143 280 336 326 maxima
348 291 449 338 pars
474 271 776 320 multitudinis
790 267 957 315 infensa
978 282 1069 312 non
1086 264 1233 311 solum
1249 266 1436 322 Miloni,

39 345 111 392 sed
135 343 215 407 ipsi
237 342 389 397 etiam,
426 349 611 402 propter
644 335 837 382 invisum
863 331 1183 396 patrocinium,
1218 330 1439 376 Ciceroni.

37 410 192 457 Postea
216 419 367 453 tamen
396 420 502 451 curn
536 402 592 447 de
624 400 858 448 accusandi
893 397 1039 443 studio
1075 396 1273 441 multum
1304 398 1439 441 remi-

37 475 146 521 fiffet
169 470 413 526 Sallustius,
453 470 497 514 in
537 465 782 530 suspicione
816 462 902 511 fuit
952 464 997 509 in
1042 462 1231 522 gratiam
1272 461 1442 512 rediiffe

38 553 141 585 cum
164 537 344 584 Milone
367 535 416 582 δε
441 534 672 580 Cicerone.

97 664 396 720 Crediderim,
432 663 547 710 hisce
575 660 873 723 temporibus,
910 657 1121 720 scriptam
1152 657 1277 706 fuiffe
1307 659 1442 706 histo-

36 729 146 779 riam
172 731 442 777 Catilinariae
477 726 828 792 conjurationis·‚
862 738 968 769 cum
1004 723 1249 780 Sallustius,
1287 725 1443 770 exacto

35 795 292 843 tribunatusv
335 807 561 855 tempore,
613 791 817 853 privatus
876 798 1042 849 ageret,
1101 804 1182 834 nec
1235 789 1444 835 Ciceroni

35 860 140 907 effet
161 858 387 913 infensus;
422 872 516 904 rem
535 856 652 902 enim
673 855 733 899 ita
749 864 913 908 narrat,
947 865 1014 910 ut,
1040 869 1090 899 ea
1110 853 1225 900 lecta
1246 853 1442 911 historia,

37 940 174 971 nemo
196 939 284 970 non
304 923 399 969 acta
421 920 649 968 Ciceronis
683 919 736 964 fit
766 918 1048 981 probaturus.
1116 918 1253 964 Forte
1276 919 1324 965 &
1351 919 1444 965 bel·

38 990 134 1036 lum
159 987 506 1049 Jugurthinum‚
544 986 590 1032 &
628 984 793 1040 civilia,
831 999 934 1045 quae
973 983 1019 1028 id
1054 982 1288 1044 insequuta
1326 983 1443 1041 sunt,

37 1054 209 1116 aliaque
232 1067 338 1098 curn
361 1052 413 1098 iis
435 1066 650 1105 connexa,
686 1049 847 1096 eodem
874 1048 953 1094 illo
985 1061 1191 1109 ternpore
1220 1048 1447 1111 conscrip-

38 1118 108 1174 fit,
144 1128 222 1163 aut
243 1111 471 1178 aliquanto
493 1114 724 1178 posterius.
794 1115 926 1160 Certe
950 1128 1040 1159 non
1071 1113 1171 1158 sunt
1203 1129 1254 1159 ea
1286 1113 1448 1177 scripta

39 1183 234 1229 hominis
256 1180 563 1237 adolescentiS‚
599 1179 870 1241 testaturque
904 1178 1012 1241 ipse,
1049 1178 1178 1224 initio
1203 1177 1447 1240 conjurati-

39 1248 137 1294 onis
158 1246 445 1302 Catilinariae,
481 1245 523 1292 se
560 1257 660 1291 tum
701 1244 890 1290 demum
923 1243 1150 1289 historiam
1188 1244 1446 1305 aggressum

40 1311 241 1366 scribere,
267 1314 342 1370 (a)
373 1311 443 1357 ubi
470 1311 627 1360 animus
658 1325 708 1355 ex
738 1309 877 1355 multis
903 1309 1079 1374 miseriis·
1105 1318 1226 1370 atque
1256 1310 1450 1369 periculis

40 1379 255 1439 requievit,
289 1376 343 1423 ὅς’
363 1376 447 1435 fibi
481 1376 675 1437 reliquam
697 1384 858 1420 aetatem
892 1390 919 1418 a
951 1372 1156 1433 republica
1184 1374 1336 1432 procul
1370 1374 1448 1419 ha-

42 1441 208 1487 bendam
245 1440 463 1494 decrevit·,
513 1440 636 1502 quod
684 1439 764 1483 vix
809 1449 908 1483 ante
957 1438 1254 1494 tribunatum,
1310 1454 1448 1501 quem

44 1520 161 1551 anno
192 1507 334 1551 aetatis
371 1519 473 1550 xm.
505 1505 647 1566 gestit,
690 1502 784 1548 fieri
819 1503 982 1564 potuit.
1050 1504 1178 1548 Tum
1218 1519 1327 1548 vero
1366 1503 1450 1549 sta-

44 1570 132 1617 tuit
153 1584 215 1615 res
246 1569 377 1631 gestas
402 1571 546 1629 populi
572 1569 749 1615 Romani
782 1569 972 1628 carptim,
1000 1567 1079 1625 (fic
1114 1566 1205 1626 ipse
1229 1567 1450 1630 loquitur)

45 1645 93 1680 ut
114 1650 273 1696 quaeque
308 1635 495 1680 memoria
526 1632 650 1694 digna
687 1631 941 1687 viderentur,
972 1632 1250 1693 perfi‘riber33
1288 1648 1329 1678 eo
1363 1650 1452 1679 ma-

41 1701 123 1761 gis,
158 1697 262 1761 quod
290 1700 326 1744 ei
357 1715 384 1744 a
405 1699 495 1759 spe,
529 1708 651 1753 metu,
682 1696 874 1757 partibus
905 1697 1150 1758 reipublicae,
1174 1699 1331 1743 animus
1352 1698 1451 1744 liber

46 1773 150 1809 erat.
217 1763 339 1808 Haec
362 1762 611 1809 suntverba
634 1762 829 1808 hominis
854 1767 1044 1807 honores
1075 1762 1222 1807 nullos
1255 1763 1453 1824 amplius

46 1827 274 1884 sperantis,
311 1838 389 1873 aut
423 1839 540 1874 certe
577 1827 871 1872 ambitionem
911 1827 1091 1888 egregie
1125 1826 1453 1873 dissimulantis.

48 1893 116 1939 At
147 1908 227 1938 nec
265 1904 365 1938 ante
401 1892 695 1938 diffimularat
732 1891 958 1937 honorum
1010 1891 1323 1953 cupiditatem,
1372 1907 1453 1938 nec

50 1956 216 2067 posteia,
264 1973 414 2004 rerum
453 1958 653 2020 potiente
691 1955 880 2011 Caesare‚
932 1971 1089 2002 eorum
1136 1969 1453 2020 contemptum

52 2037 146 2084 pra:
188 2038 211 2068 e
233 2022 350 2068 tulit.

113 2151 269 2214 Itaque
291 2162 392 2197 ante
413 2151 566 2197 omnia
607 2150 911 2197 Catilinariam
946 2150 1319 2214 conjurationem,
1355 2166 1460 2213 quae

58 2217 304 2278 contigerat
326 2232 442 2263 anno
464 2214 559 2277 ejus
587 2216 696 2261 vitae
721 2231 837 2262 xxx.
868 2232 917 2262 ac
953 2217 1143 2279 proinde
1177 2215 1305 2278 cujus
1340 2216 1460 2262 testis

59 2277 216 2337 fuerat,
242 2281 426 2327 scribere
448 2282 661 2327 undecim
682 2281 855 2328 circiter
873 2281 973 2344 post
996 2284 1119 2328 annis
1137 2281 1364 2344 aggreffus
1381 2280 1459 2336 est,

61 2344 93 2391 fi
115 2346 306 2392 calculos
329 2347 444 2392 reete
467 2348 695 2409 ponimus.
762 2348 891 2393 Tum
915 2347 1246 2409 Jugurthinum
1271 2346 1460 2400 bellum,

62 2409 207 2472 quod,
232 2411 307 2456 diu
331 2424 568 2474 antequam
588 2411 851 2468 nasceretur,
889 2413 937 2458 &
962 2413 1111 2467 civile,
1148 2411 1278 2474 quod
1302 2428 1355 2457 eo
1378 2426 1462 2473 pu-

63 2490 140 2521 ero
174 2474 347 2536 gestum
386 2474 463 2533 est,
497 2476 770 2538 conscripsit.
800 2525 802 2527 ,
839 2478 976 2524 Periit
1009 2477 1290 2540 postremum
1330 2491 1461 2538 opus,

631 2607 702 2652 (a)
734 2606 828 2656 Cap.
852 2620 888 2656 3.

1439 2715 1470 2761 fi
